3009 4834
213 335 301 399 1666
567 350 674 397 noum
699 350 899 399 venrouuu
925 350 966 398 ru
1065 307 1069 316 ¹

215 493 311 541 Graece
332 490 412 539 tiresus
426 489 631 553 nominentur,a
651 488 743 553 quibus
782 489 1003 553 nequemsstos!
1022 490 1133 541 Lsetsst
1292 518 1298 529 ·

208 567 744 629 ’16666666666666666666666616
813 570 862 615 644
891 565 970 628 Collo]
999 566 1120 617 Parnassi
1137 568 1213 631 juge.
1236 569 1309 623 16η,

215 650 302 691 tamon
328 642 409 691 Creta
432 640 582 703 pestilentia
608 642 744 702 luberent,
784 642 1236 706 crnsrmmsssessmrqtaego:
1251 646 1311 693 Coss

216 732 293 782 quem
305 716 416 765 eradere
427 716 529 778 penitus
540 716 697 779 nequissent,
707 717 745 765 ui·
774 716 882 775 srstress
891 717 919 766 s's
928 718 1090 769 6666666666
1098 719 1192 781 Aspicit
1200 720 1264 769 lead
1273 735 1310 769 so-

216 794 237 841 si
251 790 374 852 templum
384 790 742 849 Diauaeinstituissent,eanr·
781 791 852 841 66666
877 793 939 842 nise.
978 794 1093 843 Sensus:
1122 796 1196 845 Vidit
1224 798 1311 845 Diana

217 880 268 929 qus
280 865 439 927 Dictynnam
453 873 597 926 vomuerit,
608 880 624 915 6
636 866 744 915 retibus.
782 866 908 915 Pholum
920 868 947 917 in
962 868 1041 924 nobe,
1057 883 1108 919 osu
1124 883 1156 919 eo
1168 870 1242 920 sultn
1258 879 1310 935 qno

219 940 332 1003 huces]
349 941 482 1003 Deprecor
500 949 525 989 te
537 942 623 990 Diuus
634 954 681 1003 per
692 956 744 989 mo·
782 950 959 992 consueverat.
974 944 1090 994 Berssrt.

216 1026 305 1067 ternos
324 1017 434 1077 dolores,
453 1019 507 1065 sive
525 1017 617 1080 qrribus
635 1024 662 1065 tu
675 1016 746 1065 edita
813 1020 862 1065 667
878 1016 960 1066 Sires
976 1016 1066 1079 seluto]
1090 1019 1164 1067 Bene
1174 1033 1224 1081 per
1235 1034 1311 1070 occs-

217 1108 253 1155 es,
271 1093 325 1141 sire
343 1106 390 1154 per
409 1091 520 1141 omnium
546 1092 744 1154 parturientium
782 1091 880 1141 sionem
901 1091 1016 1154 figmenti
1038 1093 1134 1155 petulci
1162 1096 1309 1144 ustorslesu

217 1169 338 1231 gemitus.
355 1166 429 1215 luem.
782 1168 901 1229 exposuit
912 1168 1053 1218 rationem:
1071 1176 1133 1218 tnnc
1146 1170 1214 1219 euim
1226 1170 1315 1232 eelipk.

250 1246 298 1292 666
310 1242 400 1291 Audiet
411 1242 451 1291 ills
460 1239 552 1303 precor]
570 1239 686 1302 intelligi
699 1254 743 1302 po·
781 1243 816 1292 sis
825 1242 855 1291 lit
864 1244 925 1293 solis
936 1258 993 1294 eotn
1005 1246 1066 1295 lons
1077 1244 1209 1309 trigesima
1218 1253 1269 1305 est,
1280 1252 1310 1293 et

219 1325 279 1367 test.
306 1318 356 1367 Sed
368 1317 400 1366 66
413 1318 488 1379 longe
499 1316 628 1365 meliorem
639 1323 743 1365 senten·
782 1318 815 1368 66
825 1320 924 1382 siguum
937 1320 1006 1369 idem
1017 1321 1098 1384 ssolt,
1112 1328 1141 1370 et
1151 1321 1239 1370 orbern
1251 1320 1308 1384 ejus

184 1444 189 1458 ‚
220 1394 281 1443 tiam
294 1398 412 1455 preerunt
423 1391 526 1455 scripti:
543 1393 632 1441 ,46666
645 1393 683 1441 tlte
692 1393 743 1454 pri·
781 1394 909 1444 obseurat.
925 1394 1040 1445 1666666.
1290 1431 1295 1441 .

220 1485 254 1519 or.
272 1470 351 1519 Bern.
812 1469 1020 1532 6661666666]
1044 1470 1176 1521 ’66666666
1194 1486 1210 1521 6
1230 1478 1307 1534 patre

252 1548 301 1595 666
317 1542 550 1605 6166666666]
574 1542 743 1591 Tantamne·
783 1543 924 1594 Labdacio.
942 1546 1016 1593 loeus.
1047 1546 1308 1609 [abominemu-

220 1620 319 1669 rstione
331 1620 454 1669 Atslsots
461 1626 599 1683 conquesta
608 1624 657 1677 eet,
669 1624 697 1665 ot
709 1618 744 1667 si·
782 1635 823 1679 ss,
839 1620 956 1684 oelsrtes]
980 1622 1096 1673 Primum
1114 1623 1186 1673 illoti.
1198 1622 1309 1671 socsbn·

220 1694 326 1743 deretur
337 1695 414 1743 etism
425 1694 560 1743 simulacro
570 1694 679 1741 numinis
691 1706 744 1741 uro·
783 1694 845 1753 lum,
855 1696 957 1758 qrroties
967 1704 1077 1759 usurpat
1089 1698 1196 1753 Statius.
1214 1697 1310 1747 format
1348 1694 1352 1697 ’

219 1770 286 1819 uisse
316 1770 469 1834 lachrymas.
511 1770 633 1819 Messius
659 1768 743 1831 osiris]
783 1770 1013 1822 e‘Lsuoscldesl
1038 1772 1133 1837 ltaque
1150 1772 1240 1823 iufra:
1258 1773 1312 1821 ‘in-

222 1846 305 1895 Tnuta
317 1854 358 1895 est
377 1845 512 1895 Mrenalios
529 1844 647 1906 altitudo,
658 1852 687 1893 ut
704 1858 745 1893 os·
783 1846 1314 1912 65666666666666666666666661663

211 1936 312 1975 „cumen
324 1922 380 1984 ejus
391 1922 464 1971 astris
484 1920 603 1971 uidentur
613 1920 745 1969 insertum.
784 1922 879 1987 ltaque
890 1938 941 1973 uon
959 1926 1041 1986 magis
1060 1930 1148 1986 potest
1164 1925 1217 1973 dici
1227 1928 1235 1953 t
1243 1924 1311 1988 ub.

220 1996 331 2047 Lectout.
784 1998 888 2046 dacisles
909 1998 1018 2047 eolrors'
1039 2014 1114 2061 quem
1133 1998 1310 2063 ‘fl'yutlnitles

252 2076 300 2123 638
322 2073 443 2123 Veresteus
459 2073 562 2123 666ιί666
575 2071 642 2133 erne]
663 2072 746 2140 Mani·
785 2071 899 2121 Helenu’
917 2079 962 2122 aut
978 2072 1142 2123 ‘Priamides
1157 2072 1310 2135 Polyxene?

221 2147 288 2197 sesto
305 2150 445 2211 corruptio,
459 2162 535 2212 quam
554 2162 641 2199 nortus
659 2163 747 2199 versos
784 2145 873 2211 Atque
883 2148 933 2196 etsi
949 2161 965 2196 6
980 2146 1140 2197 ι[ι666ιιοί6’
1158 2145 1211 2198 uici
1228 2148 1311 2212 possit

221 2224 338 2288 spernit:
357 2232 409 2273 ret.
428 2230 568 2287 eurestein,
584 2225 686 2287 exigue,
700 2224 745 2274 sed
784 2234 817 2271 eo
833 2235 894 2271 osso
913 2222 1108 2286 ‘inundacione'
1125 2225 1252 2275 credibile
1270 2232 1310 2275 ta·

222 2300 326 2348 aureola
341 2299 496 2359 emendatio,
508 2313 582 2363 quam
603 2306 631 2347 nt
650 2298 747 2362 liquido
784 2312 842 2347 naen
853 2308 893 2347 est
913 2312 944 2347 eo
960 2297 1113 2348 abstinuisse
1133 2307 1242 2362 propter
1258 2314 1311 2349 sm·

221 2390 308 2425 serant
325 2376 351 2423 in
369 2383 520 2423 contextum
537 2374 641 2423 admisi:
666 2376 747 2438 reapi·
784 2372 944 2436 biguitatem.
976 2373 1084 2423 Scribo:
1100 2371 1238 2437 Istonion
1253 2388 1311 2435 gers·

222 2451 257 2498 cit
278 2463 375 2499 morem
395 2449 521 2511 priscum:
547 2449 660 2499 crinibus
679 2451 746 2499 euim
784 2448 985 2510 suosncoiortes.
1002 2446 1119 2498 Gronov.

222 2525 303 2589 passis
316 2526 411 2590 templa
429 2533 552 2575 matronas
570 2526 595 2574 iu
613 2528 747 2590 suppliciis
816 2527 865 2573 6⁶8
884 2524 962 2573 Pstlet
979 2522 1077 2585 irritu]
1100 2523 1168 2576 Quis
1186 2523 1310 2587 Amphis·

222 2602 368 2664 (proprium
391 2602 417 2651 in
438 2601 486 2651 hac
507 2616 535 2651 re
558 2603 605 2651 hoo
627 2604 748 2667 verbum)
785 2600 965 2649 raoeuxiliom
982 2598 1053 2649 ferre
1069 2614 1120 2648 non
1137 2599 1232 2663 potuit.
1249 2598 1310 2649 lac·

221 2674 394 2725 ‘verrebant'
428 2676 747 2727 Lisiuslib.trt.‘8tratss
785 2679 847 2725 tane.
950 2708 955 2713 -

223 2750 317 2812 possim
330 2757 432 2809 matres,
448 2752 561 2799 crinibus
579 2754 675 2815 templa
692 2768 748 2803 uer·
816 2755 866 2799 666
883 2750 970 2811 ester]
985 2750 1124 2811 conjunxi.
1140 2750 1216 2799 ltiess.

223 2831 319 2885 rentes,
332 2824 429 2872 reolum
443 2825 535 2875 irarum
552 2829 694 2879 caelestium
706 2843 749 2879 ex·
816 2828 865 2873 668
881 2823 972 2884 esus]
999 2824 1051 2873 Utsi
1061 2825 1165 2873 oraenls
1182 2822 1310 2886 Apollinis

222 2898 351 2965 poscunt!
383 2898 455 2949 idem
473 2901 517 2951 liis.
537 2916 617 2954 xxvi.
633 2905 748 2955 ‘Marm-
785 2899 888 2950 dautur.
902 2899 977 2947 trem

225 2992 266 3027 use
278 2977 348 3029 siros
366 2978 450 3027 Deum
468 2978 575 3029 delubro
592 2979 749 3041 discurrunt,
818 2978 866 3025 663
885 2972 991 3032 Cmtfm
1008 2970 1125 3033 666661]
1150 2971 1313 3035 interposuit

224 3055 338 3105 crinibus
352 3055 433 3118 passis
443 3068 500 3105 eras
512 3055 660 3106 verrentes-¹
677 3055 749 3117 Apu·
785 3066 858 3099 suam
870 3050 955 3099 Poeta
972 3062 1117 3112 personam,
1135 3062 1212 3112 qoam
1227 3048 1312 3099 verbis

224 3132 290 3181 leios
306 3133 323 3181 l.
337 3146 360 3179 v.
378 3132 466 3180 ‘'l'uuc
484 3132 586 3195 Psyche
605 3131 677 3181 uberi
688 3129 749 3181 lietu
786 3128 881 3177 Dianae
893 3126 992 3189 posuit:
1017 3123 1082 3175 ordo
1099 3138 1163 3189 ergo
1178 3131 1206 3177 et
1224 3138 1314 3173 sensus

225 3206 312 3268 rigans
323 3207 388 3255 Dese
402 3207 682 3270 vestigia,trunurnqne
695 3220 751 3254 ser·
789 3205 847 3253 talis
858 3210 915 3253 est:
931 3204 960 3253 st
979 3200 1041 3251 milri
1057 3214 1116 3250 suns
1134 3215 1186 3251 non
1202 3200 1266 3251 ticet
1281 3199 1315 3248 ds

226 3294 285 3329 rens
295 3280 489 3332 crinibussuis!
520 3282 689 3331 Mamertinus
701 3284 749 3331 Pu·
788 3282 879 3345 prelio
889 3281 1009 3342 liberere,
1026 3286 1101 3328 certe
1115 3287 1259 3329 extremum
1270 3278 1315 3327 sle»

226 3355 348 3420 neuyrico
365 3354 397 3404 66
418 3357 617 3406 Masiruiunom:
635 3359 751 3407 ‘Matres
789 3371 836 3408 cos
848 3365 878 3407 et
895 3357 989 3407 solatis
1007 3354 1098 3403 nortis
1114 3356 1265 3414 concedens,
1281 3369 1315 3403 ne

227 3432 301 3482 ltslae
314 3433 515 3495 pensamooibos
525 3434 687 3499 abjecerunt,
696 3449 752 3497 pst·
789 3433 886 3482 inultus
896 3429 1041 3479 occentet.
1075 3426 1113 3475 Ut
1127 3428 1164 3475 sit
1178 3427 1315 3490 parenthe-

228 3524 273 3559 vos
291 3509 385 3559 liberos
397 3509 517 3571 abreptos
529 3507 561 3557 66
575 3511 752 3573 6666616666-
790 3508 826 3557 sls
837 3522 870 3557 ex
884 3515 992 3568 persona
1009 3500 1115 3551 Poeta:
1131 3500 1229 3561 6666666
1244 3500 1314 3550 eisin

227 3592 310 3646 eruut,
321 3584 356 3634 ibi
375 3582 444 3632 6666
464 3597 550 3633 sacres
568 3598 642 3646 passo
658 3586 753 3649 eupillo
788 3584 836 3631 siss
850 3582 923 3639 Virgo
932 3577 1016 3637 refert.
1032 3576 1116 3626 loeus.

227 3673 394 3727 snoquteque
408 3659 547 3709 verrebat:
562 3662 679 3711 Beruert.
790 3709 793 3718 Δ
822 3660 869 3709 667
886 3656 922 3705 Er
939 3654 1079 3714 nescisses
1089 3651 1133 3716 sit]
1158 3654 1241 3706 osni
1261 3654 1315 3718 pri·

259 3744 305 3788 ott
321 3739 375 3794 Quo
383 3736 465 3785 sentito
476 3734 548 3798 lucet]
562 3736 620 3783 Diis
628 3750 684 3785 eum
696 3750 755 3799 por·
792 3750 860 3784 usum
879 3742 942 3783 tuno
964 3730 1109 3781 cruentarit
1127 3732 1237 3795 sagittas
1255 3746 1315 3781 sues

229 3809 434 3863 temtantumsd
447 3810 582 3859 transitum
602 3809 688 3861 dstatu
704 3812 755 3874 sig·
791 3806 1139 3871 humanosauguiusDiaos.
1171 3807 1243 3858 Quid
1254 3808 1319 3858 Nlo·

229 3885 325 3945 nificat,
335 3902 391 3953 quse
403 3900 525 3937 srmrmunu
535 3884 619 3935 uirens
628 3884 756 3936 infimum·
793 3888 844 3937 beo
853 3882 1043 3933 ostentantibus
1053 3880 1318 3946 undiqueungoenits

229 3973 279 4025 qua
301 3966 443 4027 conjungit,
464 3963 508 4029 qni
530 3963 600 4013 lotus
623 3970 664 4013 est
684 3965 756 4014 circs
793 3958 979 4024 respondebit?
1011 3956 1241 4008 Quiricumtotsm
1253 3957 1317 4007 Cre·

230 4036 354 4085 circulum
380 4038 455 4088 lune.
488 4042 603 4103 De'quo
621 4040 753 4090 Locunun:
793 4045 846 4087 tam
864 4033 997 4086 irsountlis
1015 4046 1063 4082 sos
1080 4046 1148 4096 pene
1165 4030 1317 4083 delenissiti

229 4112 306 4165 ‘Qua
317 4109 391 4171 niger
399 4110 524 4161 astriferis
534 4116 657 4164 connexis
667 4116 757 4167 666666
793 4112 860 4162 vioe
873 4110 906 4159 ad
917 4123 954 4159 vs·
963 4111 1021 4157 6⁸²·
1037 4108 1126 4159 Berli-

231 4191 320 4247 otiien
331 4186 440 4249 Quoque
453 4192 527 4247 patet
539 4194 621 4237 terres
633 4190 702 4240 inter
717 4193 755 4240 lu·
825 4192 874 4239 666
899 4183 1156 4250 mulvium]
1190 4186 1317 4239 0senlsta
