3009 4834
338 305 496 356 coerces
520 305 560 352 ru
586 303 775 354 urncroru.
800 303 924 352 aaran.
946 303 1167 353 asservari.
1211 263 1319 357 2069'

208 448 330 513 Totam
353 446 454 511 Statii
478 445 653 510 Tbebaida
678 444 812 530 quidem
837 446 990 524 continet,
1011 447 1071 510 sed
1096 447 1179 512 nihil
1203 449 1302 514 habet

167 637 170 640 ἡ
210 546 531 614 Horatianum.-'-In
545 547 661 612 eadem
675 546 882 610 bibliotheca
899 545 1009 610 codex
1024 554 1076 614 est
1092 548 1227 613 Horatii
1244 551 1302 632 qui

208 650 313 715 habet
325 650 360 714 in
373 649 437 712 fine
450 648 606 733 quaedam
628 667 672 711 ex
685 645 879 710 Thebaide:
903 647 992 711 alius
1015 649 1116 712 etiam
1132 658 1229 714 vetus
1244 668 1302 714 co·

63 815 69 826 ,
211 751 290 826 dex,
304 751 387 816 inter
400 748 479 826 alia,
496 748 729 832 complectitur
743 747 863 811 librum
878 747 1095 813 Achilleidos.

252 851 293 914 In
311 848 394 915 Call.
416 846 560 913 Emmaa.
576 856 629 913 est
650 848 761 913 codex
783 848 961 911 membran.
977 849 1077 915 Statii
1100 850 1303 916 Thebaidos.

211 951 387 1033 Oblongus
412 957 476 1029 est,
499 951 659 1029 eleganter
685 950 833 1032 scriptus
863 949 968 1013 literis
991 951 1198 1029 minusculis,
1222 971 1301 1018 saec.

211 1067 292 1114 xiv.
307 1052 361 1115 vel
376 1067 443 1116 xv,
458 1051 533 1114 sine
548 1051 637 1114 notis
657 1056 689 1114 et
703 1050 805 1131 gloss.
845 1047 943 1112 Prior
956 1068 1036 1132 pars
1057 1051 1190 1116 diversa
1203 1073 1303 1118 mauu

210 1152 396 1233 elegantius
410 1156 548 1216 exarata
570 1169 670 1234 quam
692 1151 872 1234 posterior,
887 1150 948 1214 sed
969 1152 1098 1216 circiter
1116 1153 1203 1217 idem
1219 1163 1303 1220 tem-

209 1267 284 1336 pas.
330 1251 383 1315 De
396 1251 460 1316 hoc
482 1252 568 1316 libro
585 1251 652 1314 Ms.
667 1251 866 1315 mentionem
891 1250 975 1316 lacit
996 1253 1165 1318 Bentleius
1177 1256 1213 1318 in
1230 1255 1303 1319 Ho-

85 1401 91 1410 .
117 1361 141 1432 ..ἢ
210 1360 271 1436 rat.
287 1353 399 1438 Epist
414 1369 440 1416 1.
454 1353 485 1416 6.
500 1353 533 1416 5.

252 1455 293 1518 16
311 1451 393 1522 Call.
411 1451 506 1537 Corp-
522 1450 644 1518 ,Christi
668 1449 817 1538 (Bene’t)
845 1449 890 1516 N.
913 1449 988 1518 230.
1008 1454 1117 1519 codex
1131 1459 1182 1520 est
1200 1474 1304 1520 mem-

210 1558 302 1621 bran.
327 1556 436 1620 sorma
459 1556 613 1636 oblonga,
635 1552 830 1617 Thebaidos
856 1551 965 1630 Statii,
988 1573 1067 1621 esec.
1082 1573 1170 1620 x111.
1215 1556 1304 1620 Olim

210 1658 276 1721 fnit
300 1656 452 1720 Danielis
475 1655 623 1737 Rogerii.
667 1653 777 1719 Catal.
801 1655 843 1718 cl.
867 1654 1045 1740 Nasmytb.
1060 1679 1094 1742 p.
1108 1659 1185 1723 300.

221 1823 228 1831 ,
254 1756 295 1821 ln
311 1754 392 1820 Coll.
409 1753 471 1820 SS.
487 1753 575 1819 Tria.
590 1756 663 1820 666.
686 1755 799 1832 Statii,
821 1775 920 1820 manu
936 1759 1074 1840 antiqua
1087 1765 1119 1824 et
1132 1765 1303 1835 accurata,

170 1904 173 1908 -
210 1859 395 1923 membran.
440 1855 534 1920 Inter
555 1855 655 1921 codd.
671 1855 756 1921 Mss.
771 1855 910 1921 Tbomae
928 1856 1039 1923 Galei.
1084 1856 1172 1923 Vide
1194 1857 1302 1924 Gatal.

212 1960 297 2024 Mss.
314 1956 416 2040 Angl.
431 1964 465 2021 et
479 1957 622 2022 Hibero.
757 2039 759 2046 k

592 2126 718 2194 Codices
737 2125 931 2195 oxonienses.

226 2315 230 2326 .
255 2262 296 2325 In
308 2258 463 2325 Biblioth.
471 2257 567 2325 Bodl.
579 2261 616 2326 F.
627 2263 681 2326 66.
691 2259 778 2326 cod.
788 2261 967 2334 membran.
978 2261 1171 2328 Thebaidos
1181 2262 1305 2328 Italica

211 2382 309 2429 manu
323 2384 404 2430 saec.
416 2381 484 2429 xv.
496 2366 570 2428 sine
581 2365 672 2428 notis
683 2370 740 2428 aut
749 2363 889 2445 glossis;
904 2365 1005 2430 nitide
1014 2367 1179 2449 scriptus:
1195 2365 1306 2430 finitur

211 2484 290 2545 uero
305 2465 468 2548 Epicadio
488 2466 525 2529 in
547 2465 651 2529 tilium
677 2483 795 2546 sunm;
819 2465 880 2529 sed
894 2484 1032 2529 mancus
1047 2469 1109 2541 est,
1130 2473 1163 2528 et
1184 2464 1307 2529 desinit

211 2583 262 2628 rs.
277 2566 331 2631 86.

297 2665 504 2749 Adspiciant
516 2663 649 2747 superis
673 2663 802 2747 pudeat
815 2665 1014 2748 Thebasque
1027 2683 1222 2747 novumque.

257 2763 407 2832 Cenoma
425 2768 501 2834 Lat.
523 2769 577 2832 74.
605 2764 688 2831 God.
712 2766 876 2833 Thebaid.
909 2769 1001 2832 Libri
1027 2783 1098 2831 xu.
1127 2768 1305 2832 membran.

210 2867 350 2935 illumin.
369 2871 471 2935 nitide
490 2870 638 2954 scriptus
653 2869 801 2936 Gothico
817 2870 1028 2936 charactere:
1051 2868 1192 2950 explicit
1206 2885 1305 2931 versu

211 2968 285 3033 367.
308 2971 401 3035 Libri
417 2987 488 3034 ιιι.

299 3070 334 3134 N
336 3077 411 3134 atus
425 3071 497 3146 erit,
511 3091 652 3155 parvoq·
668 3069 797 3137 thorum
810 3070 970 3154 Polynice
983 3068 1116 3133 fovebo.

257 3170 420 3235 Canonici
435 3169 510 3235 Lat.
525 3172 579 3236 75.
601 3173 783 3258 Lactantii
798 3169 982 3235 Commeat.
1007 3172 1040 3235 in
1055 3170 1216 3239 Thebaid.
1237 3171 1305 3238 his.

215 3270 369 3336 chartac.
384 3291 463 3336 esec.
480 3287 544 3335 xv.

255 3371 419 3439 Canonici
444 3373 520 3440 Lat.
547 3373 600 3440 76·
627 3373 712 3439 Cod.
747 3374 911 3438 Thebaid.
947 3377 1125 3441 membran.
1163 3375 1305 3440 illumin.

210 3478 358 3541 charact.
372 3474 480 3540 Goth·
489 3478 657 3560 eleganter
670 3475 831 3558 scriptus,
846 3477 918 3540 sine
933 3478 1022 3541 notis
1039 3483 1071 3542 et
1084 3478 1186 3562 gloss.

254 3576 415 3642 Oanomci
438 3578 513 3641 Lat.
537 3579 591 3642 77.
631 3575 716 3642 Cod.
740 3575 904 3640 Thebaid.
930 3577 1024 3643 Libri
1049 3594 1119 3641 xrr.
1150 3577 1304 3641 chartac.

212 3698 293 3744 saec.
309 3694 375 3742 xv,

254 3780 417 3847 canonici
433 3781 509 3845 Lat.
523 3780 577 3844 78.
592 3781 694 3847 Statii
708 3779 920 3847 Achilleidos
936 3780 1010 3846 Lib.
1026 3798 1065 3845 11.
1080 3779 1156 3843 cod.
1171 3777 1305 3841 membr.

216 3882 385 3965 eleganter
399 3883 516 3966 script.
532 3885 677 3949 charact.
703 3883 804 3950 Goth.
820 3884 891 3948 sine
902 3883 990 3946 n'otis
1002 3887 1062 3944 aut
1075 3878 1177 3962 gloss.
1220 3879 1305 3945 Sub·

209 3983 354 4065 juugitur
378 3985 504 4051 Fratris
531 3984 720 4052 Bonuccini
744 3983 787 4050 de
810 3983 901 4066 Ripa
924 3981 965 4044 de
991 3977 1076 4044 Vita
1096 3979 1306 4056 Scholastica

218 4082 360 4150 Poema.
