3009 4834
261 883 270 969 ς,
309 841 676 966 Nonrnrn'
722 863 1191 956 nrrnunrrrn

726 1127 770 1170 nit

449 1306 501 1381 P·
519 1291 791 1382 ‘PAP1N10
824 1303 1043 1392 STATIO

651 1497 849 1564 POETA.

369 1722 414 1772 EX
428 1721 477 1774 JO.
492 1720 566 1772 Am
582 1719 737 1772 rnnmcn
751 1720 979 1774 nmmor'iiucn
995 1723 1130 1785 intutu,

294 1812 381 1870 ΗΟ.
398 1818 478 1869 AUG.
494 1817 637 1867 ultumi
652 1817 798 1868 AUOElUS
814 1818 926 1878 EDITA,
943 1819 1008 1870 LIB.
1024 1821 1059 1871 11.
1076 1822 1151 1874 cAP.
1168 1827 1207 1875 lt.

646 2098 741 2160 Statii
762 2095 858 2159 AEtur.

209 2205 267 2292 P·
282 2231 449 2292 Pernarun
472 2231 617 2290 Srnrrur
641 2227 868 2306 Neapolitanus,
886 2237 969 2306 patre
990 2237 1089 2302 natur,
1114 2243 1294 2312 praeceptore

208 2327 378 2400 Domitiani,
389 2327 441 2406 qui
452 2325 545 2387 multa
558 2324 687 2385 carmine
698 2333 730 2382 et
742 2323 874 2382 oratione
889 2325 1057 2402 scripserat,
1073 2335 1106 2385 ut
1116 2327 1192 2388 filine
1204 2339 1299 2390 tertu-

207 2434 254 2485 tur
264 2423 403 2502 Epicadio
416 2423 447 2482 iu
459 2432 574 2503 patrem
583 2419 719 2498 lethargo
733 2417 892 2490 sublatum,
907 2419 989 2500 Sylr.
1007 2441 1036 2480 v.
1052 2423 1097 2482 3.·
1140 2423 1299 2506 Extempo-

206 2517 262 2578 roli
274 2520 415 2598 podnratu
425 2514 624 2594 componendi
637 2513 779 2574 facilitate
792 2515 963 2593 Imperatori
978 2515 1147 2576 Domitiano
1165 2521 1298 2598 gratissi·

209 2613 351 2683 muniuit,
366 2623 396 2671 et
409 2633 429 2671 e
439 2612 595 2690 majestate
605 2609 742 2669 enrnrinie
755 2609 917 2690 Aquiliana
927 2611 1050 2670 librariis
1064 2609 1175 2671 dictur:
1198 2622 1297 2678 tamen

210 2709 305 2767 victua
319 2707 350 2764 in
364 2725 460 2786 agone
474 2703 686 2784 quinquennali
707 2703 879 2777 Domitiani,
893 2705 957 2764 aliie
971 2707 1065 2784 poiitir
1080 2717 1182 2768 contra
1203 2709 1299 2790 ipsum

209 2803 368 2874 numurus,
384 2811 418 2860 ut
431 2801 495 2880 ipre
509 2799 606 2859 innuit
615 2799 745 2859 carmine
754 2798 793 2858 ad
808 2799 964 2860 Claudiam
977 2821 1097 2862 uxorem
1108 2813 1138 2862 et
1150 2803 1180 2863 in
1189 2815 1300 2884 patrem

209 2896 362 2977 Epieedio.
403 2896 492 2966 Quod
516 2914 586 2956 vero
607 2893 698 2974 aliqui
720 2907 852 2970 narrant,
866 2916 932 2957 eum
946 2908 1095 2976 praeacnto
1110 2899 1188 2976 stylo
1203 2901 1240 2957 ab
1253 2899 1299 2958 in·

210 2993 353 3072 dignante
365 2993 545 3071 imperatore
564 3010 631 3051 eene
645 2990 828 3062 conionum,
848 2989 880 3050 id
904 2989 998 3068 magis
1021 2991 1136 3049 videtur
1149 2990 1313 3063 credibile·

211 3106 299 3170 quam
312 3087 394 3167 quod
406 3087 552 3168 Aligeriun
573 3085 689 3148 Dante·
703 3084 845 3165 prodidit,
864 3103 941 3158 eum,
956 3083 1123 3144 Christiano
1146 3084 1299 3151 addictum

246 3279 396 3343 'Perper-n
423 3278 528 3342 qnidam,
560 3286 588 3328 nt
618 3280 738 3329 Domitiae
794 3277 1039 3343 rastellinum.)
1057 3279 1164 3343 etpoiita
1182 3287 1260 3331 notter
1273 3281 1302 3330 P.

213 3341 740 3410 ealderinnr,lrindenbrupinr,1²r.Morellua
777 3295 891 3407 lupiniur
917 3342 1013 3392 Statiur.
1043 3341 1105 3392 Vide
1134 3343 1174 3394 Jo.
1197 3346 1302 3396 Marium

212 3406 594 3472 Pqtnamtmrtnsmiu
611 3409 741 3472 appellant.
777 3407 891 3455 Mettium
913 3406 941 3455 L.
964 3423 995 3455 rr.
1017 3407 1164 3470 Opinionurn
1184 3424 1238 3474 cap.
1261 3414 1302 3460 it.
1355 3455 1357 3458 .

211 3473 302 3524 Stetiur
316 3472 388 3519 modo
402 3485 537 3534 pronomen
549 3474 622 3522 taine
632 3475 740 3521 obrem·
777 3471 824 3520 Sed
839 3472 883 3518 tate
892 3471 925 3518 ita
934 3480 989 3518 rnnt
1001 3489 1029 3520 er
1041 3479 1117 3521 vetere
1127 3473 1217 3522 ratione
1228 3473 1303 3522 norni-

210 3536 331 3603 tar,utin
343 3535 426 3600 prireie
442 3535 634 3602 inroriptionibnr
652 3536 741 3585 Statius
777 3551 850 3582 nurn:
869 3535 912 3582 rob
929 3535 1106 3598 imperatoribur
1128 3544 1215 3591 autem.
1230 3536 1303 3598 inpri-

212 3601 334 3655 mutim,
343 3600 431 3648 Statio·
442 3599 578 3656 Marcellae,
589 3608 614 3648 et
624 3600 688 3662 apud
701 3599 739 3646 Li-
777 3599 820 3646 mir
831 3599 887 3646 inde
897 3600 927 3647 ab
939 3599 1025 3646 runculo
1035 3600 1110 3662 prirno
1121 3609 1231 3654 extremo,
1243 3597 1302 3646 redo

212 3667 276 3715 viurn
295 3663 384 3713 suun·
401 3661 490 3712 colina
507 3663 637 3727 imperator
647 3663 739 3711 Samni·
777 3661 898 3711 nominum
917 3663 952 3711 rel
968 3663 1162 3726 imponendornrn
1182 3660 1220 3708 vel
1238 3675 1303 3708 urru-

194 3731 288 3779 -tiunrr
304 3729 375 3775 ruodo
400 3739 493 3781 nom,
512 3735 540 3774 ut
556 3726 583 3774 ln
603 3727 686 3775 iirdern
704 3727 741 3774 in·
778 3728 915 3775 mendorum
930 3726 1000 3775 valde
1021 3733 1109 3774 mutatu
1119 3733 1163 3781 ert,
1175 3721 1303 3788 habuique

212 3792 379 3856 reeiptionihnr
405 3788 435 3837 C.
457 3790 546 3837 Statius
574 3789 682 3851 Ponetur,
709 3789 741 3841 C.
777 3789 882 3839 idernerr
900 3786 1305 3858 eplurrnonrina,v.e.alterunra

212 3857 300 3905 suam
316 3853 389 3904 Primi
436 3853 481 3914 'aq
497 3851 526 3902 0.
545 3851 633 3902 Statim
649 3853 741 3902 Neuru-
778 3863 852 3918 patre,
868 3807 966 3906 alterurn
983 3869 998 3903 ι
1013 3860 1094 3907 rnetre,
1111 3849 1156 3898 dre.
1178 3849 1242 3900 unde
1259 3867 1304 3902 nee

212 3931 261 3978 tur,
277 3919 367 3967 Statinr
418 3916 534 3979 torninur,
555 3924 580 3965 et
600 3917 630 3966 L.
652 3918 741 3966 statiua
777 3921 920 3982 praenomina
931 3933 975 3966 nee
985 3915 1127 3978 cognomina
1135 3911 1184 3962 lieri
1196 3913 1302 3968 dubentr

214 3982 323 4045 Umida,
332 3980 467 4029 Toloeenrir
486 3982 565 4028 rhetor
581 3984 625 4030 aab
636 3981 741 4047 Nerone,
778 3983 809 4030 de
827 3997 907 4050 quare
917 3986 1024 4029 accurate
1041 3993 1115 4040 nuper
1133 3977 1224 4042 erripuit
1241 3979 1303 4031 cen.

212 4047 304 4110 dequo
320 4043 481 4094 Pontacurtd
501 4044 600 4093 Euaebii
617 4045 704 4095 cumn.
717 4062 741 4109 p.
777 4045 909 4108 negieterur
929 4043 1004 4092 Jcru·
1021 4041 1045 4090 in
1061 4041 1118 4094 libro
1136 4043 1167 4092 de
1184 4045 1304 4098 nominum

214 4113 272 4159 tot.
281 4117 307 4158 et
316 4108 406 4158 §tutior
416 4107 518 4157 Sebornr
529 4107 609 4157 Plinio
624 4118 650 4157 et
660 4110 742 4159 Selino
778 4109 906 4157 mundone
915 4109 958 4156 rob
965 4105 1239 4170 principibnarrnanirr
1247 4108 1304 4160 add.

213 4171 323 4222 laudatur
336 4187 424 4235 rupee:
441 4173 512 4220 ruodo
529 4175 664 4237 regno-'uu
675 4173 741 4222 deni·
778 4173 851 4220 filium
866 4172 891 4221 in
903 4171 995 4222 Corum.
1007 4174 1037 4221 ad
1055 4172 1137 4236 iregnr.
1148 4173 1211 4223 Jurir
1222 4177 1268 4218 ret.
1279 4170 1305 4217 in

115 4279 118 4282 ,
215 4252 271 4302 que,
290 4245 317 4284 nt
335 4236 445 4286 Cnrilinr
462 4237 550 4288 Stetiua
568 4237 681 4287 Comicae
698 4238 742 4303 (de
779 4237 865 4288 collat.
877 4236 938 4303 legg.
949 4237 1050 4288 Monte.
1060 4244 1085 4286 et
1096 4237 1167 4286 Rom.
1180 4251 1203 4298 p·
1215 4235 1272 4286 24⁰·
