3009 4834
222 339 308 410 1798
570 341 680 394 uoru
705 334 904 386 vsuronosr
929 330 970 380 ιιι

175 471 183 481 ⁵
223 495 410 553 leuisafflstus.
443 487 588 551 De‘rirge
605 481 749 535 Mercuria-
788 474 950 536 metieritis,
960 465 1320 528 noncuruserossoodore,

224 575 269 631 iis'
298 575 430 638 potestate
458 563 614 629 peculiarem
635 560 751 608 Tractst.
790 547 1046 602 Bucciursdsuerat.
1069 545 1170 595 Vstrscer
1184 541 1320 607 Cpitesiss]

224 652 288 704 satis
298 641 472 712 mysterioden
484 640 573 689 damus
589 635 616 684 iu
627 631 752 697 supersti·
791 629 858 679 Mira
869 626 972 676 omuino
982 637 1035 674 res,
1066 621 1101 670 Et
1109 620 1166 683 jsrn
1176 624 1237 668 aute
1248 618 1320 667 Mer·

227 728 325 778 tionum
337 733 428 782 rusguo
439 717 537 765 comm.
555 710 645 760 Burti.
790 703 889 753 curium
912 699 1039 748 intuierst
1060 695 1117 745 sedi
1134 709 1189 744 susc
1210 693 1322 744 coelesti.

259 803 290 848 r1
309 791 454 853 Fortedicr]
470 789 502 838 Id
514 794 564 849 est,
574 786 668 849 primus
680 789 752 831 nats·
791 777 860 830 Quid
876 776 944 825 enirn
964 776 1016 823 ista
1032 771 1081 822 sibi
1099 770 1207 821 roiuuti
1238 767 1321 818 ‘lude

227 881 259 930 iis
269 875 357 928 Liberi
373 886 425 937 quo
442 866 628 918 fulminatum
643 859 755 918 Semele,
792 867 839 917 prr
853 851 1004 912 Arcturum,
1019 845 1182 912 medieque
1197 847 1247 894 dre.
1279 843 1322 892 Aa

228 963 255 1008 et
270 960 363 1006 erecto
380 957 456 998 utero
472 943 550 994 Liber
564 939 637 992 Joris
654 933 755 984 tremori
791 931 857 992 ‘per
867 925 967 975 sidera’
984 919 1324 988 petittcrrssiuferissitis·

228 1034 340 1083 insertus
356 1032 404 1074 est
421 1013 693 1073 scnuuduseuimdies
710 1024 755 1060 na·
793 1002 918 1064 resipuit
944 997 1093 1048 sideribus?
1126 997 1220 1058 Nuper.
1252 995 1323 1057 Ergo

230 1115 291 1166 taiis
303 1103 420 1168 Dionysii
437 1100 479 1150 ilie
496 1094 602 1153 dicitur,
614 1103 665 1154 quo
677 1102 756 1137 exac-
794 1079 934 1130 comitatur
944 1075 1044 1139 Laium,
1052 1079 1176 1124 ettamen
1184 1072 1252 1121 istuc
1260 1070 1325 1133 sirit,

231 1189 266 1239 tis
286 1181 416 1235 mensibus
437 1168 546 1236 legitimi
562 1175 661 1230 putus,
682 1162 756 1214 Joris
793 1152 1013 1206 tusuuutoeunr
1045 1149 1120 1200 Nihil
1136 1146 1206 1206 atiud
1221 1148 1273 1197 ists
1286 1146 1323 1195 io·

231 1271 272 1314 est
284 1259 427 1326 productus
438 1264 471 1302 ex
489 1246 611 1297 fremore:
630 1253 706 1303 quem
717 1237 756 1286 di·
795 1236 918 1296 oriuntur,
938 1242 1014 1292 quam
1036 1226 1198 1276 diuinitatem
1217 1221 1326 1272 Numici

233 1355 273 1390 em
283 1334 379 1387 homiui
390 1331 457 1379 scire
466 1325 504 1374 iss
516 1335 567 1371 non
578 1311 627 1368 est.
645 1315 697 1367 Qui
709 1314 758 1364 Di·
794 1307 898 1357 occulte
908 1313 1026 1355 sstruere
1044 1303 1155 1354 voluisse
1165 1300 1286 1362 Podtsut,
1297 1303 1327 1347 et

234 1411 383 1482 thysamnus
396 1407 455 1455 ideo
466 1400 572 1453 dieitur,
578 1395 605 1444 id
616 1399 656 1442 ert
667 1390 706 1440 tris
715 1403 759 1454 ge·
797 1383 887 1456 edesse
899 1381 975 1442 Laio,
984 1387 1011 1430 et
1022 1395 1069 1431 suo
1083 1378 1159 1429 simui
1168 1377 1246 1428 sideri
1258 1389 1326 1440 pre.

233 1495 313 1544 uitus.
330 1488 443 1536 aaran.
797 1465 1028 1508 esseststueutem.
1044 1455 1132 1505 Basti.

266 1573 300 1618 τι
315 1561 388 1624 Eois]
406 1554 574 1608 Notissimuru
585 1542 683 1595 Bacchi
699 1539 760 1603 Epi·
829 1539 861 1585 oo
874 1536 966 1599 Opsecr
975 1531 1142 1596 itemqu]
1153 1531 1252 1580 ορωι.
1268 1528 1327 1577 cg.

237 1645 336 1696 theton.
368 1636 405 1686 At
421 1635 446 1683 iu
469 1626 580 1680 omnium
597 1620 694 1683 optimo
716 1627 762 1664 ex·
798 1623 858 1661 cnm
880 1611 1006 1660 Tiresiam
1027 1607 1126 1659 inducit
1145 1603 1232 1656 multis
1253 1601 1329 1652 alibi.

236 1715 344 1783 empturi
360 1707 464 1762 disertis
476 1702 557 1754 literis
568 1696 692 1758 scriptum
704 1696 761 1741 ests
800 1687 899 1737 Lutatii
909 1687 987 1736 rerba
995 1684 1117 1734 meudoss
1127 1688 1197 1743 snut,
1208 1678 1278 1742 quod
1290 1677 1328 1727 ri·

238 1795 338 1848 Euciir.
353 1789 385 1839 ld
393 1799 453 1837 sane
464 1781 541 1832 etism
553 1781 695 1838 cognomen
706 1768 763 1831 ejus
800 1779 856 1814 snus
877 1769 907 1814 st
930 1759 1101 1826 prestantiss.
1127 1752 1328 1817 Lindenbrogio.

238 1875 380 1938 agnoscunt
392 1860 471 1913 docti.
505 1855 578 1906 Etis
595 1847 683 1901 multis
699 1845 762 1894 ioris
801 1843 862 1893 Nou
883 1840 993 1889 verebor
1014 1838 1114 1898 iutegrs
1131 1830 1233 1882 Lutatii
1250 1829 1330 1880 verbs

238 1949 392 2011 scriptorum
415 1953 431 1988 s
456 1929 629 1986 communiore
648 1924 693 1974 iiio
714 1922 764 1970 hoc
801 1902 1330 1975 sscribere‚utesquidcruredintegrssda

240 2030 391 2088 corruptum
418 2024 496 2074 atque
529 2005 662 2068 expulsum
691 2005 765 2064 puto.
801 2006 852 2054 ope
861 1987 1011 2054 Apoiiodor·
1021 1986 1067 2034 iib.
1075 1997 1119 2033 ιιι.
1133 1990 1163 2032 et
1177 1979 1330 2031 Seiroiisstre

194 2143 202 2162 ‚
239 2102 300 2152 vid.
312 2098 379 2148 Hor.
389 2107 419 2142 rr·
431 2089 484 2140 0d.
496 2090 536 2136 il.
553 2081 642 2132 Hortis.
802 2067 895 2130 scripti
903 2064 1039 2114 existimo:
1056 2059 1161 2112 Ttreriss
1171 2053 1331 2120 Εκήρίω]

272 2179 305 2226 ιι
322 2173 453 2222 insomnem
466 2160 531 2223 iudo]
556 2157 650 2220 Tangit
670 2156 766 2204 iterum
803 2138 1062 2199 concutiebantur,
1080 2143 1171 2186 retes:
1189 2135 1233 2200 qui
1247 2131 1333 2181 fertur

241 2266 292 2304 nou
312 2247 392 2298 dubie
408 2253 505 2292 nrorem
516 2235 637 2300 priscum,
647 2244 697 2295 quo
709 2241 767 2292 per·
803 2222 830 2271 in
842 2218 974 2270 renium
985 2227 1084 2276 sersus,
1094 2226 1154 2262 cum
1165 2207 1334 2273 disceptanti.

241 2322 453 2392 vigiieudihouos
463 2314 528 2365 Deis
540 2310 634 2375 passim
645 2305 767 2357 tributus.
802 2297 850 2348 bus
867 2297 935 2348 Jore
954 2300 982 2342 et
997 2291 1116 2352 Junone‚‘
1126 2293 1213 2338 utrum
1229 2297 1335 2334 massa

244 2393 450 2453 Videanrst.i.
461 2405 489 2440 ι.
505 2389 619 2439 Bersurt.
804 2373 911 2423 furnius
926 2369 1051 2434 majorem
1072 2365 1183 2416 sentiret
1201 2361 1272 2412 coitu
1290 2373 1335 2410 ro·

276 2483 309 2529 78
325 2477 428 2537 AErupre
441 2464 557 2527 turriam]
584 2461 651 2511 Nam
669 2463 770 2520 tymps·
805 2450 944 2512 iuptsteru,
963 2457 1055 2494 uorem
1084 2439 1200 2505 partibus
1221 2435 1337 2486 iibidisis

243 2555 295 2618 nis,
309 2566 365 2618 que
381 2554 440 2599 suut
457 2555 491 2594 ex
507 2539 608 2592 taurina
624 2535 702 2600 petie,
713 2533 770 2595 pius
806 2525 873 2575 dixit
887 2521 1017 2572 i'reruiusm
1034 2515 1124 2582 potiri,
1134 2521 1162 2563 ct
1173 2527 1225 2562 uus
1234 2512 1335 2562 risurus

247 2635 340 2683 sonant
360 2622 477 2689 cymbris
492 2633 551 2684 quae
567 2619 628 2665 ruut
649 2625 681 2660 ex
703 2623 771 2670 ειη
807 2603 842 2652 ob
858 2591 1254 2668 quodeeseruserratusouc.
1288 2589 1337 2638 Est

247 2700 442 2757 scutioreeuiut
459 2701 518 2746 snut
533 2693 646 2743 tinnitu:
674 2693 704 2736 ut
720 2692 772 2748 est,
808 2672 1075 2728 etsiistsiisiabuis.
1108 2665 1338 2730 Iumoutecyiie·

245 2784 387 2846 ‘tympana
412 2787 458 2823 vos
488 2771 624 2832 buxusque
658 2760 772 2814 vocant!
808 2754 852 2804 uio
872 2751 987 2802 Tiresias
1003 2748 1128 2796 dracones
1145 2742 1269 2793 coeumes
1285 2741 1339 2790 esi·

250 2859 361 2908 Luctunt.
810 2837 883 2882 casse
894 2829 990 2879 dicitur
1001 2841 1008 2875 ι
1025 2826 1059 2874 ob
1070 2825 1097 2874 id
1108 2825 1134 2873 in
1146 2822 1261 2872 mniieris
1270 2821 1339 2884 figu-

281 2923 540 2986 consectaneum]
564 2917 625 2968 Nou
646 2915 684 2965 sie
706 2915 774 2964 ireto
811 2922 866 2958 raru
877 2917 974 2966 rerrue,
988 2908 1017 2952 ut
1029 2899 1107 2950 Ovid.
1129 2898 1224 2948 refert:
1242 2895 1340 2947 deiude

247 3011 360 3072 Baccho,
376 3013 406 3056 ut
416 3019 473 3054 curu
486 3000 575 3064 Agere
587 2993 684 3046 occidit
694 2991 774 3041 tilium
811 2981 923 3032 urouitus
942 2977 1056 3028 sortibus
1077 2975 1104 3024 iu
1126 2973 1236 3024 eundem
1252 2973 1341 3024 iocum

249 3091 353 3141 furens:
378 3083 419 3134 rei
431 3077 546 3138 meliore,
561 3079 592 3123 ut
610 3071 631 3120 si
652 3067 777 3134 qusdcii·
806 3059 892 3111 ’rediit
907 3063 935 3107 et
952 3057 979 3105 in
997 3054 1107 3118 figuram
1124 3052 1269 3116 pristiusru·
1300 3050 1341 3100 Fas

249 3165 344 3230 querit,
362 3163 468 3222 propter
484 3154 552 3203 diem
570 3151 627 3214 ipse
644 3146 722 3198 Liber
737 3144 776 3208 ig·
813 3145 942 3200 tempore,
953 3139 983 3183 ut
994 3131 1113 3190 diximus,
1131 3129 1302 3180 iuterJorem
1313 3132 1342 3176 er

249 3244 349 3292 noscat.
370 3234 507 3298 Cytheren
519 3221 778 3284 mousBocotiss,ubi
813 3216 943 3267 Juuouem
962 3207 1012 3260 tuit
1026 3206 1148 3265 certurio,
1164 3205 1192 3253 iu
1212 3217 1263 3268 quo
1277 3215 1343 3252 scau

250 3313 339 3368 Liberi
348 3309 429 3373 patria
437 3319 509 3355 sacra
517 3302 677 3352 celebrantes
684 3303 779 3346 matres
815 3299 884 3342 esset
894 3290 978 3353 major
985 3285 1076 3347 iibido,
1083 3281 1182 3332 Tiresia
1190 3280 1289 3344 judice,
1298 3279 1345 3345 qui

251 3387 398 3442 Pentheum
410 3381 621 3443 discerpserunt:
638 3387 706 3424 nuuc
716 3386 779 3438 argo
816 3374 941 3433 expertus
964 3363 1050 3412 fuerst
1073 3368 1212 3422 utrumque
1232 3371 1345 3406 sexumr

249 3480 320 3520 sanus
331 3460 394 3511 dicit
404 3457 459 3506 cine
475 3453 570 3503 furore.
589 3451 663 3500 idem.
816 3461 874 3498 cunr
885 3442 946 3496 Jori
957 3439 1109 3498 iudicasset,
1123 3437 1167 3485 iiia
1178 3435 1245 3484 irata
1254 3447 1345 3482 uranus

287 3547 317 3593 8⁵
336 3539 370 3589 Et
386 3530 490 3598 Ogygii]
508 3529 567 3580 Nou
589 3525 672 3590 iugiet
689 3524 780 3574 ritiurn
817 3522 843 3572 ei
860 3515 1003 3583 superjecit
1017 3511 1207 3562 ctexcecarit.
1238 3509 1347 3574 Jupiter

253 3623 384 3671 attentum
395 3612 530 3661 lectorem.
552 3603 617 3652 Mas.
632 3601 662 3650 ui
675 3600 781 3664 Ogygii:
818 3597 891 3652 tecit,
909 3601 938 3642 ut
957 3597 1059 3654 septem
1076 3595 1167 3638 aetates
1178 3587 1290 3646 vireret,
1302 3599 1346 3635 rs·

253 3711 302 3761 ego
324 3692 402 3744 ausim
422 3689 547 3751 praestare
567 3693 655 3728 rerum
672 3691 739 3738 esse,
756 3681 783 3726 ot
819 3682 910 3737 terque
922 3671 1128 3734 praeterceteroc
1139 3662 1262 3712 urortsies
1274 3674 1349 3710 rera-

256 3771 357 3834 nggr'i.
388 3765 514 3823 Thraces,
535 3755 629 3822 iuquit,
646 3755 673 3802 iu
684 3753 783 3804 deliciis
819 3739 1200 3800 cissimnsiraberetur.·Bsrti.

253 3843 353 3896 habeut
380 3835 557 3889 semianimum
584 3843 674 3894 pecus,
700 3829 782 3878 ieonis
852 3828 900 3876 1⁰8
913 3815 1350 3884 Neris(riosums)rsperiit]flcrip·

255 3920 373 3972 saucibus
384 3925 512 3979 ereptum,
523 3919 550 3962 et
559 3910 678 3960 haustum
690 3904 781 3955 iactis:
820 3902 854 3951 ti:
871 3896 1000 3958 xitfsns.
1018 3894 1111 3956 Neque
1122 3893 1199 3943 aiiter
1207 3892 1272 3956 tegit
1284 3892 1350 3941 Lac·

256 3997 301 4047 uiti
324 4006 385 4042 vero
402 3993 460 4040 vinu
479 3987 576 4038 madidi
592 3991 660 4041 suut,
680 3990 734 4032 tuus
750 3980 782 4030 ud
820 3977 927 4036 tsutius,
946 3971 992 4036 qni
1007 3970 1139 4033 explicet:
1156 3967 1256 4016 ‘Fama
1272 3966 1307 4015 de
1318 3981 1350 4015 eo

257 4087 319 4125 saxa
330 4074 357 4120 et
369 4080 438 4115 arura
450 4068 584 4126 proruunt.
602 4063 718 4110 Berrrort.
819 4049 947 4116 loquitur:
965 4045 1016 4102 rei,
1036 4049 1125 4093 uotum
1144 4039 1271 4106 estquod
1290 4039 1351 4089 dico

290 4154 323 4201 89
340 4141 445 4204 Nonou]
463 4138 537 4201 Totis,
547 4143 726 4201 exceptacuar
739 4149 784 4199 po·
821 4123 954 4179 omnibus.⁸
987 4120 1135 4184 Eodemque
1152 4116 1256 4167 surdoe
1267 4115 1352 4179 scrip-

258 4230 333 4294 eutis,
343 4225 472 4277 'liriacum
491 4225 682 4279 morr„pugus.
715 4211 784 4261 Nam
822 4205 856 4255 tis
874 4198 1035 4266 reposcimus
1053 4195 1137 4247 tier.
1158 4197 1217 4246 too.
1232 4191 1278 4244 scit
1293 4206 1352 4242 cars
