3009 4834
376 361 407 408 r.
431 354 574 405 rrernrr
597 351 722 403 suurn
747 349 898 400 sournu.
921 348 993 399 ιιι.
1011 350 1035 397 ι.
1168 331 1256 399 2666

167 500 261 553 scribit
285 496 427 562 Homerus)
447 497 542 546 Peleus
568 490 693 557 Sperchio
734 496 808 556 patre
826 489 997 545 interimetur,
1008 496 1036 539 et
1049 490 1072 538 is
1090 489 1255 554 respoudeat,

168 591 268 628 coruum
279 573 370 624 durem
385 572 492 624 Achillia
503 567 693 635 pmmiscret,sl
732 573 794 616 unte
804 572 880 629 puter
894 571 954 615 tuus
964 573 992 615 et
1001 572 1059 614 tote
1068 565 1180 629 deniqne
1191 566 1258 615 insu·

168 653 191 703 is
203 667 218 701 e
229 650 422 712 bellnTrojuuo
440 648 466 696 in
477 648 585 711 petriam
596 644 692 694 incoln·
734 643 760 691 lu
781 641 834 704 igni
853 648 880 690 et
897 638 968 690 ferro
984 640 1086 704 penitus
1104 641 1258 703 vastabitur,

168 727 218 777 mis
231 729 414 781 reverteretur,
422 737 497 786 quam
505 735 600 771 courum
607 719 693 768 Acuti·
733 731 809 781 quum
827 716 912 779 petiur
929 722 984 766 tea
999 724 1074 778 patre
1090 717 1213 779 interfici,
1230 724 1259 767 et

169 804 209 851 les
229 800 349 850 Patroclo
372 796 496 847 defuneto
516 796 623 857 largitus
646 796 701 842 ceti
733 800 850 841 nostrum
860 791 1048 841 matrimonium
1059 792 1133 842 solvi.
1150 794 1226 843 Idem.

170 869 696 935 Aeremsmumaflnnmermpedm-
766 870 816 916 666
838 866 905 915 Sane
919 866 1019 929 fuere]
1045 867 1121 919 Quod
1144 866 1258 918 Achillen

170 958 226 1001 tem
238 948 369 1011 sppelluut
387 945 578 1010 alumnum‚qul
594 944 696 994 deserui
735 940 896 991 interficeret
908 941 1088 1005 Lycomedem.
1104 943 1242 994 diuturert.

171 1022 320 1086 angistrum
331 1020 433 1069 meum?
447 1019 521 1069 Ordo
532 1026 587 1069 est:
606 1017 647 1068 An
659 1017 696 1067 di·
767 1020 816 1066 666
833 1016 935 1080 Funere]
951 1016 1027 1068 Quod
1046 1023 1123 1079 peter
1142 1027 1168 1067 te
1182 1020 1262 1068 inter·

171 1112 219 1147 eur
229 1112 284 1147 erre
296 1097 379 1145 nuilus
389 1096 469 1144 bunos
476 1094 571 1143 alumni
582 1093 697 1143 deserto·
735 1091 817 1153 ficiet,
826 1098 854 1140 et
863 1104 910 1153 epu
920 1090 948 1139 in
958 1103 1064 1139 uxorem
1080 1106 1131 1141 uun
1141 1093 1260 1155 bebeem,

172 1171 225 1221 risi
243 1177 271 1219 nt
289 1170 407 1234 diebuur,
422 1171 509 1220 nullus
526 1169 606 1219 bonos
625 1168 697 1233 impii
737 1166 852 1233 anmr'is
863 1166 1019 1229 exposuerit.
1043 1166 1188 1231 0msiu]1u
1207 1182 1261 1217 orn·

172 1244 572 1308 61ιοίιιιι11.Βι11(ιιιιι.Δ
737 1243 828 1304 nibnsp
839 1240 1043 1293 namorteuduru
1054 1241 1261 1291 meesserirum.

204 1323 252 1369 666
270 1319 392 1383 Patrocle]
408 1319 476 1369 Nsur
487 1319 625 1368 Patroclus
640 1330 697 1366 curn
737 1318 814 1369 Idem.

174 1394 281 1459 Opunte
302 1395 406 1444 AErnem
429 1408 536 1458 puerum
557 1391 698 1456 Amphide·
771 1398 819 1445 nul
835 1391 1011 1455 Scdmreptrmr
1022 1398 1100 1441 tuctur
1109 1344 1211 1455 eebrpac
1220 1406 1263 1455 prr·

174 1470 267 1519 ruentis
284 1466 363 1518 filium
379 1471 460 1518 iratus
476 1468 546 1518 tuter
556 1466 698 1517 ludendum
738 1471 829 1534 aarum]
845 1471 980 1521 Rariruu.
1003 1472 1044 1519 ced
1063 1474 1169 1533 nemun
1187 1476 1264 1521 tuem

175 1544 335 1609 peremisret,
360 1544 569 1609 cunlrrplssetque
591 1543 625 1592 ud
647 1542 698 1591 l'e-
737 1546 1265 1611 celaepuprrderessretbauccoujecturuus

174 1622 251 1677 lcum,
263 1620 305 1685 (nt
316 1619 406 1670 scribit
423 1618 544 1683 Homer.)
555 1618 589 1668 eb
601 1632 631 1668 eo
648 1630 700 1666 una
739 1636 790 1671 nun
801 1635 894 1671 recuso
911 1619 980 1683 exigi
996 1619 1029 1669 rad
1047 1621 1186 1672 obrussam.
1202 1622 1265 1672 Ber·

175 1710 234 1745 enm
247 1694 347 1745 Achille
366 1696 419 1745 lilio
438 1694 470 1744 ad
488 1694 626 1745 Chironem
642 1693 700 1743 mis-
739 1701 804 1747 nuri.

177 1784 219 1819 sur
231 1778 280 1826 est,
292 1777 321 1819 ut
331 1770 426 1819 eirdem
436 1772 540 1835 ,pariter
550 1769 664 1819 moribus
672 1775 701 1818 et
771 1774 820 1821 662
837 1767 944 1832 limine]
959 1770 1098 1819 Deidamia
1114 1769 1168 1819 iiiia
1188 1769 1266 1834 regis.

177 1848 322 1911 disciplinis
332 1847 515 1898 imbuerentur.
532 1848 605 1897 ldcm.
740 1847 856 1896 Briturer.
1348 1842 1352 1849 '

179 1964 194 1984 ,
209 1927 259 1973 666
276 1924 328 1972 Nec
340 1922 459 1987 polein]
475 1922 534 1973 Nun
554 1920 702 1985 probureris
773 1924 821 1969 tint
839 1921 979 1981 Οιιαιςιιαιι
996 1918 1052 1967 oiim
1069 1924 1177 1981 respectu
1189 1920 1266 1985 fider]

178 2000 299 2049 levirum
315 2000 405 2049 seltem
420 2000 446 2049 iu
465 2012 561 2060 amore,
573 1998 644 2062 quasi
661 2012 702 2047 ur·
743 2000 811 2049 llrec
829 2012 878 2063 per
893 1996 1068 2061 parenthesim
1089 1996 1221 2061 leguntur,
1237 2004 1268 2047 ut

177 2083 241 2139 punt
262 2090 298 2133 rc,
317 2074 386 2140 quud
404 2075 520 2139 quemvis
538 2074 564 2123 iu
585 2074 702 2123 omnibus
742 2077 777 2125 sit
796 2074 878 2125 ordo:
894 2074 1021 2123 exterrita
1039 2080 1091 2136 eat,
1112 2079 1141 2122 et
1160 2071 1268 2125 lrorrnit.

178 2152 351 2201 dissimularet
365 2150 558 2214 virum,ruiteru
577 2150 603 2198 iu
616 2161 702 2198 umore
743 2150 870 2215 Μαι]
888 2151 930 2201 Ne
947 2149 1040 2199 mulier
1058 2163 1110 2200 uun
1127 2156 1269 2215 essetqua-

179 2225 548 2277 nondebuirsetdirsimnlure.
566 2227 703 2275 Meturnst.
742 2226 796 2275 lem
807 2225 951 2276 rimulsbut.
968 2226 1043 2274 idem.

219 2304 267 2350 664
296 2302 445 2365 liubrersst]
477 2302 583 2352 Pudore
611 2299 705 2351 effecta
776 2305 825 2352 664
842 2302 876 2351 Et
885 2301 964 2361 fucis·
972 2304 1072 2359 multem
1081 2306 1173 2351 murto
1184 2301 1268 2361 suten-

179 2384 248 2437 runt,
260 2384 351 2439 utpote
359 2378 464 2440 uirginis
477 2376 589 2440 pudicae.
607 2376 683 2425 ldcm.
744 2376 789 2439 tis]
806 2376 837 2426 ld
848 2382 899 2437 eat,
909 2378 985 2440 louge
996 2375 1047 2426 ulia
1057 2377 1112 2425 risa
1122 2385 1164 2425 cst
1179 2371 1270 2440 fecier,

210 2454 258 2499 647
275 2451 365 2513 Sigen]
381 2451 449 2499 Nem
460 2450 615 2500 clamoribus
626 2448 705 2499 dube-
745 2459 775 2502 et
785 2451 939 2515 apperentie
958 2452 985 2499 in
1005 2466 1047 2502 eu.
1082 2451 1201 2516 Futcrrtir]
1218 2451 1269 2501 Oe-

180 2531 222 2573 tur
229 2526 328 2588 siguum
338 2525 426 2585 saeris,
437 2524 517 2573 unde:
536 2525 543 2551 ‘
555 2530 706 2573 nocturnus·
746 2527 877 2576 tendentis
888 2540 916 2574 se
927 2540 984 2575 esee
995 2526 1086 2575 virum.
1102 2526 1178 2575 Idem.

182 2605 320 2661 quereret
335 2600 445 2646 elsrnore
466 2596 621 2659 eytherom’
639 2597 707 2647 uude
777 2604 826 2649 668
842 2600 887 2648 lile
910 2600 952 2647 diu
977 2600 1085 2662 dereptas
1107 2598 1183 2661 maor]
1210 2600 1270 2650 Jsm

181 2672 227 2720 ubi
249 2672 293 2720 illa
310 2669 473 2732 exelemnrit,
495 2668 619 2718 violentie
635 2671 707 2720 illata
747 2675 876 2739 aperitin
898 2689 975 2740 quum
995 2682 1096 2738 purtem
1117 2674 1271 2724 deliberatio

181 2759 283 2795 sorores
295 2752 323 2795 et
334 2747 391 2795 elie
410 2751 533 2809 puterunt
542 2746 708 2806 exclamasse,
748 2750 872 2815 pendeat,
882 2756 912 2799 ut
925 2750 1025 2799 scilicet
1043 2748 1128 2799 omniu
1138 2748 1207 2800 celet
1224 2764 1270 2813 pa·

181 2829 211 2871 ut
227 2822 326 2885 signum
338 2822 411 2871 daret
423 2822 481 2870 illis.
498 2821 572 2873 ldsnr.
748 2835 823 2875 trem.
841 2824 930 2889 libro]
948 2825 1079 2887 Sollicite3
1096 2840 1154 2874 uam
1173 2839 1270 2888 regrum

212 2901 259 2946 661
278 2897 392 2960 Peliacis]
419 2896 450 2945 ld
471 2904 522 2957 est,
543 2896 707 2948 'l'lreesalicie
747 2899 1011 2963 dicimus‚cujustam
1022 2900 1272 2963 animusquamoor·

181 2986 239 3020 uem
250 2971 341 3021 Peliun
353 2986 424 3021 rnons
436 2978 476 3020 ent
487 2971 637 3021 Theraeliae.
660 2974 707 3023 Ni·
748 2989 797 3039 pus
807 2977 921 3037 languet.
938 2975 1012 3022 ldesr.

180 3048 260 3109 siber]
278 3046 302 3096 Α
321 3048 416 3097 leboris
427 3049 591 3112 perpessione
604 3058 709 3115 sumpte
779 3054 829 3099 bil
845 3046 943 3109 ΕΜ]
963 3046 1096 3108 Molestus,
1106 3046 1152 3111 qui
1169 3046 1272 3110 negritu·

76 3124 80 3131 '
184 3128 224 3171 est
242 3121 565 3184 commentatiunculam
581 3140 628 3188 per
638 3126 708 3176 labo·
748 3124 834 3173 dinem
844 3120 964 3171 efferunt.
980 3121 1116 3170 Britunrir.

183 3212 226 3247 res
242 3196 482 3267 rlrtushperficitur,
497 3214 555 3249 rrum
572 3198 709 3264 frigoribus
780 3202 828 3247 676
839 3196 958 3259 omitit]
974 3196 1061 3245 Texit.
1078 3195 1162 3260 Stutu]
1178 3197 1272 3262 idest,

184 3280 213 3323 et
223 3272 354 3321 laboribus
365 3271 523 3323 assuefactus
538 3283 603 3339 este
613 3276 709 3326 teneris
749 3280 856 3339 statute,
865 3283 892 3323 et
902 3274 1024 3339 legitima.
1038 3274 1113 3325 Idem.

185 3348 267 3409 aunis,
285 3345 394 3395 Chirone
410 3346 446 3395 ite
463 3348 621 3411 instruente;
642 3351 709 3399 uude
781 3353 830 3398 674
846 3349 933 3411 laice]
960 3350 1037 3403 Quod
1056 3364 1150 3413 pueros
1168 3350 1273 3413 indicet,

185 3422 327 3473 Horatiurr
359 3422 470 3471 ‘Multa
498 3424 568 3487 tulit,
595 3422 709 3487 fecitque
750 3424 1273 3485 etiulueenrnrittut;uemobeemrem

184 3512 259 3562 puer,
270 3495 371 3545 auderit
383 3504 409 3546 ct
422 3497 500 3547 alsit!
516 3499 631 3549 Brituun.
751 3498 952 3564 parturientibus
970 3512 1082 3563 preesse
1102 3498 1194 3558 fertur,
1204 3498 1273 3561 quod

215 3578 265 3623 tbi
281 3573 363 3634 Neque
373 3588 416 3633 ego
425 3572 561 3635 imarum]
571 3571 709 3622 Fururabi-
751 3575 839 3624 stetim
850 3579 911 3621 nete
920 3581 1025 3634 operum
1033 3574 1140 3622 nutricis
1151 3570 1275 3634 prestitit

185 3650 235 3697 leur
253 3662 281 3696 se
301 3645 366 3695 lucit
384 3648 588 3696 commendende
607 3648 709 3711 puelle:
751 3652 857 3700 Lutones
869 3642 944 3696 metri
956 3647 1108 3711 parturienti
1118 3645 1274 3707 Apollinem.

186 3737 274 3773 sensus
294 3730 344 3783 est,
356 3736 485 3785 unnqnurn
505 3735 553 3784 ego
568 3722 613 3771 hes
625 3729 710 3771 vestes
751 3724 853 3786 mura]
879 3723 975 3787 Dieuc,
994 3738 1051 3787 que
1074 3715 1276 3784 parturientibus

186 3797 323 3847 muliebres
338 3796 511 3859 sumpsissent,
529 3796 576 3843 uisi
595 3806 622 3846 te
639 3799 710 3861 priur
751 3796 864 3862 prriesse
877 3798 980 3859 dicitur,
992 3806 1134 3856 nomenque
1145 3791 1247 3855 sucepit
1259 3809 1275 3842 e

187 3872 309 3921 vidiseem
322 3872 347 3919 iu
360 3871 458 3919 littore.
476 3872 553 3919 Idem.
751 3875 821 3935 luce,
832 3889 863 3923 eo
874 3873 944 3937 quud
955 3874 982 3922 in
997 3873 1080 3920 lucem
1098 3864 1176 3916 foetus
1187 3865 1274 3931 profe.

218 3952 266 3996 657
285 3944 436 4005 Prtrrunte]
449 3943 710 4013 Antbypoplroraert‚
753 3956 803 3998 rat.
826 3950 901 3998 lderrr.

190 4023 261 4085 quen
279 4023 366 4086 puelle
385 4020 481 4070 dixerit
498 4023 625 4071 severeri
645 4038 710 4074 nea

253 4246 369 4310 neuter
386 4248 442 4299 Ver.
454 4252 516 4301 Cius.
700 4252 764 4302 Stet.
