3009 4834
397 937 671 1017 RECENSUS
705 938 963 1017 CODICUM
998 942 1116 1019 MSS.

522 1184 563 1248 P.
600 1183 794 1252 PAPINII
831 1185 1005 1266 STATII,

293 1413 359 1466 QUI
378 1413 420 1465 IN
434 1413 689 1466 nmuoruncrs
704 1413 940 1466 BRI'lANNlCIS
958 1414 1226 1468 Aseanvnurun.

575 1845 617 1911 Iu
631 1845 741 1912 Museo
759 1843 953 1911 Britannico.

260 2003 302 2068 In
319 1999 473 2070 Bibliorlr.
489 2003 569 2094 Reg.
581 2009 627 2074 15
638 2007 672 2072 Α
686 2024 753 2072 vrr.
775 2013 828 2072 eet
850 2007 924 2072 cod.
937 2007 1117 2072 membran.
1133 2025 1210 2071 saec.
1223 2022 1311 2073 xrrr.

218 2105 574 2190 complecteno„inter
600 2111 669 2175 alia
697 2110 813 2188 multa,
837 2107 898 2188 (N.
921 2105 971 2193 5.)
992 2108 1079 2192 Pap.
1096 2107 1190 2174 Surc.
1213 2109 1312 2174 Statii

218 2204 420 2288 Achilleida,
436 2229 511 2275 cnm
526 2212 631 2294 gloss.

262 2309 304 2374 15
322 2309 357 2376 A
372 2327 459 2379 xxr.
480 2312 678 2379 Thebaidos
693 2311 788 2377 Libri
812 2327 884 2376 xrr.
905 2330 981 2376 eum
1006 2309 1126 2394 paucis
1147 2309 1314 2374 annotati·

218 2410 337 2474 onibne
356 2416 391 2476 et
405 2412 508 2494 gloss.
524 2412 608 2480 eod.
621 2414 802 2478 membran.
818 2431 896 2478 saec.
919 2427 1008 2476 xrrr.
1053 2411 1132 2476 Fuit
1144 2410 1225 2476 elim
1241 2409 1313 2476 Ro·

218 2510 302 2576 berti
316 2511 609 2590 Cottoni,militis.
836 2591 837 2595 Ἰ

261 2612 305 2675 15
325 2614 359 2675 Α
382 2629 499 2679 xxix.
521 2615 597 2681 cod.
622 2615 803 2680 membran.
820 2632 895 2679 cnm
909 2611 1030 2696 paucis
1044 2609 1179 2678 notulis.
1223 2609 1311 2675 Gon-

220 2712 302 2777 tinet
323 2714 461 2797 Papinii
481 2715 575 2781 Snrc.
598 2717 701 2782 Statii
721 2716 917 2782 Thebaidos
938 2715 1042 2780 libros
1068 2729 1108 2777 n.
1137 2720 1173 2780 et
1194 2732 1311 2779 versus

220 2815 295 2878 140.
308 2815 383 2879 libri
397 2815 577 2881 undecimi.

260 2915 305 2980 15
319 2914 347 2980 G
364 2933 402 2981 x.
416 2918 501 3002 Pap.
515 2919 648 2985 Surculi
658 2918 762 2984 Statii
773 2917 868 2997 Vita,
881 2923 915 2982 et
925 2915 1118 2981 Thebaidos
1129 2913 1223 2977 Libri
1238 2927 1309 2974 xrr.

220 3014 341 3080 Codex
368 3022 545 3098 membran.
579 3025 616 3088 in
644 3024 716 3086 dio.
744 3039 824 3086 aaec.
854 3018 954 3083 noni:
978 3016 1058 3081 olim
1080 3013 1146 3077 fnit
1170 3010 1313 3077 Claustri

222 3115 407 3185 Rotieneis.
447 3121 615 3206 Antiquae
636 3124 692 3188 bic
714 3123 828 3189 codex
847 3119 985 3184 exbibet
999 3115 1162 3200 quasdam
1177 3114 1314 3178 notulas

223 3227 259 3282 et
281 3218 384 3300 gloss.
428 3219 574 3288 Omnino
598 3226 724 3308 integer
749 3229 803 3289 est
827 3239 935 3304 nsque
958 3219 1002 3286 ad
1027 3215 1127 3284 finem
1148 3217 1224 3283 libri
1243 3231 1314 3279 xrr.

223 3326 309 3393 Vita
321 3347 388 3393 non
401 3331 508 3397 multa
521 3336 724 3418 suppeditat.

266 3429 307 3494 In
323 3428 478 3498 Bibliotl.
496 3429 595 3498 Harl.
617 3433 666 3500 N.
686 3434 784 3502 2463.
806 3433 940 3498 Surculi
954 3431 1090 3516 Papinii
1112 3429 1212 3494 Statii
1232 3425 1318 3490 'l'be-

221 3530 343 3596 baidos
358 3531 451 3599 Libri
467 3551 539 3600 xrr.
554 3538 631 3602 cod.
652 3537 831 3601 membran.
846 3554 926 3602 suec.
949 3549 1031 3598 xrv.
1047 3533 1223 3614 oblongus,
1239 3546 1317 3591 cum

222 3634 311 3698 notis
324 3635 483 3701 brevibus
498 3645 532 3705 et
545 3638 646 3721 gloss.

267 3735 313 3801 N.
334 3737 431 3803 2474.
446 3747 501 3803 est
524 3740 626 3806 Statii
641 3741 802 3820 Thebais,
817 3741 890 3807 cod.
906 3739 1048 3805 chartac.
1065 3753 1145 3800 saec.
1162 3744 1228 3794 xv.
1242 3725 1318 3791 illu-

223 3837 338 3902 minat.
353 3839 387 3902 in
401 3840 468 3904 lto.

268 3941 314 4004 N.
336 3941 434 4007 2498.
460 3947 511 4007 est
534 3941 611 4008 cod.
635 3946 782 4009 chartac.
807 3945 843 4007 in
866 3942 926 4008 fol.
944 3958 1020 4005 saec.
1045 3949 1127 3998 xlv.
1153 3930 1320 3996 continens

226 4040 325 4106 Statii
337 4041 524 4107 Thebaida.
554 4043 689 4111 Paucas
704 4042 1050 4113 variantes-lectiones
1064 4034 1212 4103 exbibet.
1228 4033 1321 4098 Prae·

224 4141 368 4209 mittitur
383 4150 612 4230 argumentum
632 4149 805 4216 metricum
819 4148 855 4216 iu
878 4142 1054 4223 duodecim
1075 4136 1266 4209 'lbebur'dos
1279 4134 1319 4198 li-
