3009 4834
200 318 288 384 m
331 333 485 384 CODIGBS
511 333 550 381 nt
576 333 764 382 ammorii.
789 335 911 385 uultu.
934 333 1154 386 ASSBBVATI.

200 481 287 556 bros,
309 483 342 542 et
359 485 523 562 praeterea
543 477 773 560 unusquisque
795 478 878 542 liber
902 479 969 544 sibi
995 483 1165 565 proprium
1189 484 1286 550 habet

199 584 429 660 argumentum
441 579 476 642 in
491 597 588 642 versu
602 578 746 642 heroico.

241 679 339 745 Alios
355 687 483 764 septem
497 678 630 744 codices
640 679 741 743 Statii
750 678 946 745 Thebaidos
960 682 1081 748 retinet
1091 685 1290 752 bibliotheca

200 780 397 846 Harleiaua.

243 883 332 948 luter
346 883 489 948 Codices
506 880 710 958 Burneianor,
725 879 772 945 N.
791 883 866 946 257.
881 892 935 946 est
957 885 1032 950 eod.
1054 890 1236 955 membran.
1251 892 1291 955 li-

199 986 277 1076 bros
307 1000 378 1049 ΧΗ.
411 984 605 1050 Thebaidos
633 985 818 1060 continens,
858 985 1055 1068 quibusdam
1085 992 1219 1071 paginis
1247 993 1290 1056 ad

201 1086 384 1153 editionem
411 1086 513 1151 Joau.
541 1082 740 1149 Veenhuseu
777 1083 919 1163 collatis,
957 1086 1145 1152 charactere
1182 1110 1289 1173 parvo

199 1189 300 1254 Goth.
314 1190 422 1252 lucide
434 1186 589 1269 scriptus,
604 1192 638 1250 et
659 1186 740 1248 mire
761 1186 975 1266 illuminatus,
991 1208 1068 1253 cum
1089 1189 1202 1271 liguris
1218 1193 1288 1256 ele-

199 1296 315 1372 ganter
328 1289 441 1372 pictis,
457 1306 572 1353 omues
587 1305 683 1370 paene
697 1287 890 1352 Thebaidos
907 1297 1019 1371 partes
1032 1290 1286 1358 illustrantibus.

198 1389 385 1472 Proeligitur
427 1386 673 1471 compendium
702 1389 803 1452 totius
833 1389 1026 1456 Thebaidos
1061 1395 1229 1476 prosaice,
1266 1415 1287 1460 a

196 1491 377 1557 Lactantio
392 1489 600 1574 Campanum
611 1495 645 1554 et
660 1490 899 1572 subjunguntur
915 1493 1116 1575 singulorum
1130 1495 1287 1561 librorum

198 1599 399 1676 argumenta.
444 1591 568 1656 Nullas
577 1592 679 1656 habet
693 1593 937 1672 annotationes,
951 1596 1094 1676 glossas,
1108 1602 1166 1661 aut
1177 1600 1288 1663 varias

197 1695 381 1760 lectiones:
409 1693 602 1759 Thebaidos
631 1712 711 1758 vero
737 1693 905 1773 codicum,
931 1715 1018 1780 quos
1040 1697 1197 1776 vidimus,
1220 1718 1289 1765 om·

195 1795 288 1860 nium
302 1794 400 1877 longa
415 1799 467 1859 est
479 1794 730 1877 pulcherrimus.

133 1936 137 1942 ι
242 1895 287 1961 Ν.
307 1897 383 1963 258.
404 1896 595 1962 Thebaidos
611 1895 704 1960 Libri
719 1911 790 1960 xn.
806 1896 884 1960 cod.
902 1897 968 1962 Ms.
983 1900 1163 1966 membran.
1179 1904 1288 1968 collat.

197 1998 241 2064 ad
263 1998 425 2082 quasdam
449 2017 547 2081 pagg.
572 1996 727 2062 editionis
747 1996 849 2062 Joan.
871 1997 1086 2080 Veenhnsen,
1101 2023 1177 2068 cum
1199 2005 1287 2069 notis

196 2101 433 2183 marginalibus
449 2106 484 2162 et
497 2099 600 2181 gloss.
612 2115 692 2162 soec.
709 2114 765 2162 xr.
780 2099 836 2164 vel
852 2115 923 2164 xrr.
937 2101 1020 2165 nihii
1034 2104 1212 2168 mutilatus.
1241 2101 1244 2106 ’

240 2201 281 2266 In
296 2200 505 2265 Bibliotheca
526 2197 639 2262 Musei
662 2198 848 2265 Britannici
875 2207 926 2266 est
948 2203 1050 2267 etiam
1065 2205 1170 2270 editio
1185 2207 1290 2288 Lugd.

197 2303 276 2369 Bat.
291 2301 387 2366 1616.
402 2319 479 2363 cum
493 2299 580 2364 uotis
593 2299 680 2363 Mss.
693 2297 836 2364 Ricardi
847 2301 1001 2381 Bentleii,
1016 2311 1051 2367 et
1065 2305 1174 2369 Paris.
1192 2307 1288 2371 1618.

197 2425 274 2469 cam
295 2403 383 2468 notis
408 2401 494 2466 Mss.
514 2398 664 2484 ejusdem
689 2399 844 2466 Bentleii.
890 2401 958 2469 His
981 2403 1087 2471 addas
1110 2406 1287 2489 Sylvarum

196 2507 319 2571 Libros
349 2505 495 2589 quinque
522 2502 723 2590 (secundum
748 2505 861 2570 varias
889 2503 1068 2591 editiones)
1096 2527 1170 2574 cum
1198 2509 1283 2574 notis

197 2606 284 2672 Mss.
298 2606 368 2671 Jer.
384 2604 586 2672 Marklaudi.

532 2755 658 2821 Codices
675 2755 955 2842 Cantabrigiemer.

243 2901 280 2966 in
296 2899 448 2969 Biblioth
464 2901 562 2971 Post.
578 2903 689 2970 codex
711 2909 763 2968 est
783 2901 987 2982 Thebaidos,
1008 2905 1187 2970 membran.
1208 2925 1285 2971 saec.

196 3021 279 3070 xrv.
294 3007 485 3072 charactere
507 3005 606 3073 Goth.
622 3023 697 3073 cun
711 3004 797 3070 uotis
811 3013 845 3069 et
867 3005 969 3088 gloss.
991 3005 1155 3073 Maueeus
1177 3016 1240 3088 est,
1254 3014 1288 3074 et

197 3105 310 3170 deficit
323 3115 401 3191 post
416 3128 550 3174 uersum
564 3109 639 3175 664.
652 3107 730 3171 libri
744 3125 815 3172 ιιι.

322 3205 428 3290 Gujus
439 3211 474 3274 in
490 3210 619 3296 Ogygio
634 3215 700 3274 stet
713 3211 872 3294 princeps
887 3211 1130 3288 lanceamuro.

239 3303 281 3372 In
296 3302 403 3370 Domo
419 3307 561 3373 Patrensi
575 3309 688 3375 codex
703 3318 759 3374 est
774 3313 829 3376 eui
845 3314 895 3378 tit.

578 3409 712 3476 stacius

577 3511 743 3595 Papinius
764 3513 974 3598 Thebaydos.

505 3607 509 3612 ’
578 3611 694 3678 Oraeii
708 3613 868 3680 Carmina

706 3713 884 3781 Sermones

704 3815 879 3900 Epistola.

196 3913 267 3979 Hie
282 3916 351 3982 Ma.
365 3917 503 4002 incipit:

283 4018 458 4087 Fraternas
472 4020 566 4088 acies
580 4019 772 4104 alternaque
787 4036 887 4100 regna
900 4017 1083 4104 prophanis

280 4116 595 4206 Dissertatahodiis
609 4126 722 4188 sontes
736 4139 801 4204 que
815 4118 950 4185 volvere
965 4120 1114 4188 Thebas.
