3009 4834
534 387 566 437 6.
589 387 731 437 suerrus
757 387 892 438 66166.
1178 362 1264 441 1061

179 540 269 598 66166
290 538 469 615 alteriusque
488 534 668 596 admirandos
681 536 833 596 bonitatis.
874 535 950 595 Cum
965 545 1091 616 quatuor
1115 535 1270 598 indicibus.

179 637 256 696 -ln
277 632 333 693 hac
354 631 495 704 editione,
509 649 597 710 quum
613 631 725 694 Christ.
740 633 897 704 Daumius,
913 642 1027 692 mortuo
1042 631 1172 706 barthio,
1186 651 1271 694 onra-

179 731 232 801 sit,
246 738 345 789 textus
358 747 396 789 ex
409 727 581 788 recensione
601 727 742 787 Gronosii
756 746 785 788 6.
803 730 900 789 1653..
913 727 1078 808 descriptus
1093 737 1148 789 est.
1191 727 1272 789 Mar·

180 825 266 904 pines
290 824 360 886 Ver.
376 824 458 886 lect.
473 823 612 884 habente
626 822 703 884 hiss.
718 828 775 884 dre.
811 823 871 886 Sed
893 825 1011 884 omuino
1033 824 1167 904 praelatio
1190 821 1271 884 Dan·-

181 922 230 981 mii
244 919 371 999 legenda
382 930 429 980 est
441 919 545 980 dehoc
559 937 647 997 opere
660 917 830 978 barthiano.
992 948 1002 972 =.

225 1017 299 1076 1671
317 1015 411 1094 lugd.
423 1015 490 1076 Bet.
503 1017 532 1074 8.
544 1031 582 1073 ex
595 1013 674 1074 6616.
685 1013 852 1074 1166111666.
876 1011 973 1073 Publii
983 1014 1098 1094 Pspinii
1109 1015 1193 1076 statii
1206 1017 1273 1097 Syt-

181 1125 283 1172 666661
297 1111 348 1172 116.
365 1127 397 1172 6.
432 1107 600 1170 Thebaidos
613 1109 665 1169 lib.
683 1127 749 1169 xri.
790 1107 973 1169 Achilleidos
994 1109 1046 1169 lib.
1063 1130 1103 1172 11.
1127 1113 1204 1172 notis
1227 1129 1273 1173 se·

180 1205 349 1266 lectissimis
359 1206 390 1265 in
406 1205 561 1286 sylvarum
571 1205 663 1266 libros
671 1205 805 1276 Domitii,
820 1203 948 1278 Metelli,
962 1193 1117 1280 Berntirtii,
1131 1207 1273 1281 Gevastii,

183 1299 302 1374 crscei,
315 1301 436 1374 Brrthii,
455 1301 506 1362 ,16.
520 1301 601 1362 Prid.
616 1301 759 1361 Gronosii
773 1300 917 1362 Distribe.
960 1301 993 1358 ln
1013 1301 1183 1361 Thebaidos
1199 1323 1274 1382 prre·

183 1406 269 1468 terea,
285 1396 399 1458 Placidi
414 1398 569 1469 16666661,
588 1396 742 1468 Bernartii,
756 1401 813 1457 66.
857 1397 973 1466 Quibus
988 1391 1212 1458 iu'thilleidos
1227 1415 1275 1458 ae·

183 1491 295 1552 cedunt
309 1491 493 1565 Maturentii,
508 1491 681 1552 Britannici.
713 1491 942 1550 Aeouratissime
957 1491 1094 1552 illustrati
1110 1493 1276 1554 61666666

184 1587 373 1649 Veeuhusen.

224 1715 266 1728 -
284 1685 382 1744 Amat.
396 1685 444 1743 16.
458 1684 600 1743 1666666.
616 1677 740 1743 Elzesir.

229 1780 307 1838 1665
328 1778 423 1838 Paris.
440 1781 471 1838 4.
497 1779 568 1838 6611.
583 1797 623 1837 rr.
637 1797 686 1856 ap.
701 1776 735 1838 1..
755 1775 916 1836 Roulland.
942 1777 977 1838 P.
1001 1778 1036 1840 P.
1065 1779 1150 1839 Statii
1169 1795 1275 1858 operat

185 1871 427 1950 interpretatione
441 1884 472 1932 et
485 1873 563 1933 notis
588 1871 737 1932 illustrata
761 1889 780 1932 a
804 1871 852 1932 Cl.
877 1872 1014 1944 Bernldo‚
1028 1872 1068 1932 ad
1095 1892 1180 1932 usum
1209 1865 1274 1934 Ser.

187 1965 297 2048 Delph.
328 1967 399 2028 Vid.
414 1968 482 2028 Cat.
497 1967 535 2028 de
548 1966 579 2026 la
591 1967 667 2026 Bibl.
679 1967 719 2027 66
734 1966 801 2028 Roi.
816 1966 893 2028 Bell.
909 1968 999 2028 Lettr.
1012 1968 1066 2028 ’16.
1083 1988 1106 2028 1.
1123 1987 1191 2048 pag.
1207 1969 1277 2028 ³23.

188 2064 407 2125 1166666166
421 2063 450 2122 in
465 2083 552 2123 usum
567 2062 709 2144 Delphini
722 2062 882 2123 editionum
899 2063 985 2122 obvia
1000 2063 1156 2124 rarissime.
1179 2073 1182 2080 '

230 2161 307 2218 1713
327 2158 422 2218 Lond.
444 2159 497 2220 fol.
519 2158 550 2216 in
571 2160 709 2238 operibus
728 2167 760 2217 et
782 2158 953 2238 fragmentis
972 2167 1103 2218 veterum
1125 2160 1279 2238 po'e'tarum

188 2251 366 2315 Latinorum.
380 2253 435 2314 Το.
451 2267 490 2315 rt.
505 2272 575 2333 pag.
593 2254 803 2313 tols-1107.

204 2358 208 2364 “
230 2351 306 2410 172⁸
327 2349 421 2410 Lond.
436 2351 467 2411 4.
481 2369 518 2411 ex
532 2361 649 2430 typogr.
671 2348 711 2410 G.
727 2345 859 2430 Bowyer.
875 2348 911 2410 P.
926 2349 1000 2428 Pup.
1016 2349 1101 2410 Statii
1125 2350 1279 2430 Sylserum

186 2444 252 2505 libri
264 2446 405 2525 quinque.
445 2445 491 2504 Ex
503 2447 627 2505 vetustis
641 2443 858 2524 exemplaribus
873 2445 1020 2506 recensuit
1038 2455 1068 2507 et
1091 2454 1176 2505 notas
1191 2454 1279 2525 atque

192 2540 412 2600 emendationes
427 2541 536 2619 adjecit
547 2540 610 2601 166.
625 2539 834 2602 Marklandus.

233 2637 306 2694 1731
329 2637 452 2694 661732
466 2633 632 2694 11661614.
669 2635 706 2694 Ρ.
721 2635 796 2716 Pap.
820 2635 907 2694 Statii
929 2653 1029 2714 opere,
1053 2652 1121 2694 oum
1145 2634 1279 2693 versione

188 2729 304 2801 Italics,
318 2729 348 2789 in
362 2730 452 2808 Corp.
467 2729 597 2789 omnium
613 2729 770 2791 Poitarum
786 2731 880 2792 Latin.
891 2731 945 2792 To.
961 2749 1077 2791 1.-1v.

233 2827 310 2886 1787
330 2825 503 2897 1166661611,
516 2827 546 2885 6.
563 2824 634 2886 6611.
651 2845 689 2888 6.
715 2827 752 2888 Ρ.
766 2827 842 2908 Pap.
857 2827 943 2886 Statii
953 2846 1041 2905 opera
1059 2845 1095 2884 ex
1109 2825 1281 2886 recensione

189 2921 239 2982 io.
255 2919 393 2982 Friderici
405 2921 558 2994 Gronorii,
571 2941 644 2982 cusa
655 2933 687 2983 et
699 2923 845 2984 sumtibus
860 2922 1018 2984 Societatia
1033 2921 1166 2981 literato.

232 3096 278 3155 Ex
297 3096 363 3157 Jos.
388 3097 529 3176 Scaligeri
552 3099 687 3179 Epistola
700 3103 770 3162 374.
796 3109 927 3181 apparet,
949 3119 1015 3158 eum
1039 3117 1157 3178 quoque
1180 3111 1210 3160 et
1231 3101 1281 3162 16.

192 3192 369 3250 Wosseriam
402 3193 525 3281 junctis!
547 3194 643 3273 operis
678 3215 784 3256 nosarn
814 3195 909 3267 Sturii,
938 3200 1126 3272 veterumque
1151 3195 1180 3254 in
1214 3215 1282 3255 eum

191 3285 387 3359 scholiorum,
403 3286 562 3348 editionem
583 3290 711 3351 molitos.
755 3295 797 3353 At
817 3291 893 3350 enim
915 3310 1013 3350 eorum
1035 3301 1160 3350 conatus
1179 3292 1283 3372 vulgu-

193 3395 225 3441 to
250 3381 371 3441 Parisiis
399 3382 617 3464 Lindenbrogii,
638 3386 736 3449 6661611
766 3386 952 3456 Woweriani,
975 3385 1070 3446 Statio
1095 3385 1283 3447 sufflaminati

191 3476 337 3538 sidentur.
378 3475 493 3558 lipsius
521 3499 639 3560 quoque
667 3481 699 3539 iu
728 3479 866 3558 Epistola
902 3480 940 3540 ad
972 3481 1082 3539 danum
1113 3481 1283 3541 Lernutium

191 3585 317 3634 testatus
331 3585 387 3647 est,
407 3575 462 3634 sibi
482 3587 552 3635 nota
569 3575 707 3654 quiedam
720 3576 812 3636 fuisse
837 3574 875 3635 66
893 3574 1045 3634 sublimem
1059 3575 1138 3635 hune
1154 3577 1281 3654 po'e'taru.

194 3668 293 3729 Multa
308 3669 396 3729 etiam
411 3671 498 3729 Statii
511 3671 578 3730 loca
591 3670 637 3730 vel
651 3671 847 3732 emendantur
860 3671 905 3732 sel
919 3669 1102 3730 illustrantur
1112 3671 1142 3728 in
1159 3669 1283 3729 Obserr.

193 3764 322 3826 Miscell.
339 3764 408 3827 Vol.
429 3787 453 3825 r.
468 3784 538 3846 pag.
560 3769 710 3826 53-269.
732 3786 762 3847 p.
783 3769 1056 3844 317-363.11.p.
1075 3766 1204 3824 62-84.
1224 3764 1282 3822 217

163 3901 166 3906 -
192 3863 304 3922 -239.
319 3864 489 3923 405-407.
505 3864 568 3942 [iv.
582 3881 613 3942 p.
623 3863 808 3942 tte-397]
841 3868 951 3925 Auctor
966 3861 1124 3922 Britannus
1144 3877 1176 3916 se
1197 3877 1283 3920 usum

194 3954 267 4016 dicit
281 3955 397 4017 666666
410 3957 487 4017 Μ66.

235 4049 362 4112 lexicon
374 4061 404 4112 et
412 4051 603 4134 paraphrasin
614 4053 778 4113 Stationem
793 4051 948 4112 adornavit
962 4048 1108 4110 Henricus
1123 4051 1284 4112 Schaevius.

194 4145 350 4221 specimen
375 4147 474 4210 iexici
497 4149 576 4210 iliius
598 4149 712 4231 pridem
730 4147 878 4229 produxit,
891 4149 942 4230 661
956 4146 1091 4209 8666616
1105 4161 1284 4232 preceptore
