3009 4834
573 343 603 390 r.
627 338 774 392 rnrruu
797 337 935 392 aranu.
1205 325 1294 394 2007

563 587 673 650 ms
697 586 739 647 11.
767 586 934 648 ALDINA.

647 684 857 744 1500-1000,

208 858 246 916 ab
264 852 343 915 Aldo
366 851 514 925 binantio,
538 849 589 928 qui
613 869 661 909 au.
687 848 774 909 1507.
804 849 930 910 Statium
951 851 1043 924 dedit,
1066 853 1153 916 etiam
1179 855 1297 934 conjec.

207 951 280 1012 turis
293 949 514 1015 correctiorem
542 945 644 1024 majori
656 945 725 1004 dein
740 943 894 1024 diligentia
911 949 998 1008 1519.
1013 967 1099 1028 quem
1112 951 1206 1011 secuti
1226 962 1297 1012 sunt

207 1044 467 1126 Argentoratensis
478 1041 626 1115 Schureri,
640 1041 815 1101 Parisiensis
830 1041 965 1116 Colinoei,
981 1043 1158 1106 basilienses
1174 1045 1298 1108 Henric.

205 1141 293 1223 petri,
307 1139 500 1220 Gryphianoe.
537 1137 726 1197 Flaminiana
739 1136 885 1196 Bernartii
904 1137 993 1218 vulgo
1015 1137 1164 1214 laudatur,
1177 1140 1298 1202 Barthio

205 1235 351 1316 culpatur.
387 1236 432 1294 Ea
445 1254 516 1295 uero
530 1233 654 1312 repetita
667 1233 756 1293 etiam
772 1231 908 1314 Lugduni
923 1243 954 1293 et
966 1234 1109 1294 venetiis.

250 1333 326 1392 1⁶02
346 1330 457 1390 Aldina
473 1349 497 1391 ι.
511 1331 539 1391 8.
556 1328 591 1389 Ρ.
607 1329 681 1408 Pap.
705 1327 793 1386 Statii
807 1328 960 1408 Sylvarum
975 1328 1040 1390 libri
1053 1331 1192 1412 quinque.
1220 1331 1295 1392 The·

205 1426 310 1488 baldou
335 1426 402 1488 libri
418 1445 484 1486 ιιι.
525 1422 703 1486 Achilleidos
725 1442 767 1483 ιι.
797 1421 831 1482 ln
855 1423 928 1483 fine:
956 1424 1101 1501 Veneriis,
1122 1426 1153 1486 in
1180 1424 1296 1488 oedihus

206 1521 276 1582 Aldi
291 1541 394 1583 mense
408 1522 546 1602 Augusto
563 1517 789 1580 1502.-Marci
801 1519 916 1580 Musuri
929 1517 1147 1604 orthographia
1158 1521 1294 1586 stanam

207 1617 282 1708 huin
289 1617 409 1678 editioni
417 1615 551 1696 subjecta
564 1625 620 1676 est.
662 1614 752 1674 Extat
765 1613 794 1672 in
809 1613 886 1677 Bibl.
902 1611 1047 1696 Goetting.
1292 1627 1300 1638 ’

252 1715 327 1773 1508
348 1713 455 1774 Venet.
469 1711 595 1773 Luctatii
609 1710 724 1771 scholia
746 1709 777 1769 in
805 1709 940 1773 Statium.
956 1729 1005 1794 ap.
1021 1712 1140 1776 Aldurn.
1167 1712 1234 1776 Vid.
1247 1713 1296 1776 Jo.

209 1807 336 1872 Messon
352 1808 381 1868 lu
396 1807 475 1868 Hist.
492 1807 567 1868 Crit.
581 1806 668 1887 Reip.
682 1806 791 1865 literar.
806 1805 859 1866 To.
872 1824 896 1868 1.
907 1826 937 1886 p.
955 1809 1022 1866 191.
1138 1875 1144 1890 Ι

248 1937 289 1950 -
308 1904 435 1976 Veneta,
447 1902 498 1963 101.
512 1922 566 1982 per
580 1899 681 1962 Barth.
696 1901 734 1963 de
747 1900 846 1961 Zanis.

252 2001 327 2060 1517
348 1999 472 2080 Argent.
487 2017 536 2082 ap.
552 1996 894 2070 Lazarum'Schurerum,
908 2001 938 2058 4.
953 1995 1135 2060 Achilleidos
1149 1997 1200 2061 lib.
1218 2019 1258 2062 ιι.

254 2097 332 2156 1519
351 2094 461 2155 Aldina
476 2114 515 2155 11.
528 2094 755 2176 8.-Sylrarum
769 2091 833 2154 libri
846 2113 876 2154 v.
890 2091 1071 2154 Achilleidos
1086 2094 1152 2155 libri
1167 2114 1207 2156 ιι.
1220 2093 1297 2156 'rhe-

210 2190 315 2251 baidos
329 2189 394 2250 libri
407 2210 470 2251 ιιι.
494 2189 715 2272 orthographia
726 2200 757 2250 et
769 2189 863 2250 flexus
875 2187 1036 2250 dictionum
1052 2189 1223 2251 Grrecarum
1237 2209 1299 2268 om·

207 2286 289 2347 nium
303 2286 382 2368 apud
397 2286 533 2357 Statium,
547 2305 615 2346 cum
634 2284 806 2348 accentibus
821 2294 852 2344 et
865 2285 1021 2364 generibus
1039 2305 1074 2346 ex
1089 2285 1177 2347 variis
1192 2287 1300 2347 utrius·v

207 2402 264 2464 quc
288 2380 399 2464 linguar
426 2381 685 2443 auctoribus.-1n
704 2383 783 2462 line:
803 2381 946 2452 venetiis,
971 2381 1002 2441 in
1027 2381 1140 2443 aedibus
1165 2383 1245 2458 Aldi,
1269 2393 1299 2443 et

207 2476 337 2540 Andreta
360 2477 471 2548 Soceri,
488 2495 591 2537 rncnse
612 2476 755 2536 larnano
777 2477 993 2537 1519.-Hanc
1017 2476 1172 2538 editionem
1196 2478 1299 2557 majori

208 2571 373 2652 diligentia,
385 2589 473 2654 quam
488 2569 560 2632 edit.
575 2591 603 2633 a.
622 2573 709 2633 1502.
723 2573 802 2655 typis
814 2591 981 2656 expressam
1003 2590 1079 2645 esre,
1095 2571 1252 2632 affirmatur
1267 2574 1298 2632 in

209 2667 317 2730 Prauc.
338 2667 462 2727 Asulani
483 2665 611 2748 epistola
630 2667 699 2729 huic
723 2669 844 2730 editioni
865 2669 1030 2748 premissa.
1073 2667 1162 2730 Extat
1176 2668 1206 2730 iu
1222 2664 1297 2728 Bibl.

183 2783 188 2791 ·
207 2763 354 2825 illustriss.
370 2762 550 2844 Heideggeri
563 2763 642 2825 Trih.
657 2763 757 2826 Turio.

251 2862 327 2920 1530
348 2857 443 2921 Paris.
465 2859 592 2921 Colinrai
607 2880 631 2922 1.
647 2862 678 2920 8.
692 2860 780 2922 Statii
799 2879 889 2942 opera
911 2861 1021 2934 omnia,
1045 2861 1114 2921 item
1138 2859 1298 2936 Ortbogra·

208 2953 279 3034 phia
291 2964 324 3015 et
334 2955 430 3016 daus
444 2953 607 3016 dictionum
621 2955 794 3018 Groecarum
816 2956 896 3035 apud
916 2955 1053 3014 Statium.
1068 2973 1116 3034 ap.
1132 2954 1203 3013 Sim.
1219 2953 1299 3013 Coli-

208 3068 317 3111 noum.

253 3145 327 3206 1581
352 3143 443 3204 Basil.
459 3166 483 3206 1.
495 3149 524 3209 8.
539 3145 575 3209 P.
591 3148 627 3209 P.
641 3148 728 3210 Statii
740 3165 840 3228 opera.
880 3145 925 3206 Ex
940 3146 1007 3207 Cat.
1021 3145 1099 3210 Bibl.
1113 3145 1146 3208 S.
1156 3145 1186 3208 J.
1201 3143 1297 3207 Mont

208 3258 278 3320 pag.
295 3241 362 3300 174.

253 3337 326 3396 1541
349 3332 440 3395 Basil.
456 3355 499 3398 ιι.
516 3339 544 3399 8.
557 3355 604 3420 ap.
618 3339 738 3400 Henric.
754 3339 844 3398 Petri.

251 3434 328 3492 1542
348 3430 472 3492 Witteb.
488 3434 740 3495 8.-Achilleidos
755 3434 822 3496 libri
837 3433 907 3495 duo.

250 3529 326 3588 1547
348 3526 487 3608 Lugdun.
502 3549 555 3590 seu
569 3530 741 3612 Gryphiana
758 3551 781 3590 1.
796 3549 843 3613 ap.
859 3531 976 3592 Sebast.
992 3525 1166 3609 Gryphium.

252 3623 330 3683 1559
351 3623 525 3702 Gryphiana
540 3644 580 3687 ιι.
600 3628 647 3686 12.
663 3645 712 3707 ap.
727 3625 852 3688 heredes
868 3625 937 3686 Seb.
953 3623 1088 3708 Gryphii.
1349 3666 1352 3717 4

249 3718 328 3779 1595
348 3717 540 3779 Plautiniana
554 3739 578 3781 1.
593 3721 749 3784 Bernartii.
766 3724 856 3785 Antv.
872 3725 900 3784 8.
914 3721 950 3782 P.
965 3719 1001 3782 P.
1016 3720 1101 3781 Statii
1116 3733 1215 3796 opera,
1229 3735 1297 3796 quar

207 3823 320 3874 extant.
342 3813 392 3874 Jo.
405 3813 576 3875 Bamartius
589 3817 630 3876 ad
643 3817 733 3879 libros
746 3829 861 3881 veteres
871 3815 1028 3888 recensuit,
1039 3824 1070 3874 et
1081 3812 1202 3873 scholiis
1212 3809 1296 3873 illus-

209 3910 304 3970 trarit.
328 3910 418 3970 Antv.
430 3929 468 3969 cx
481 3911 559 3973 odic.
574 3911 706 3975 Plautio.
720 3914 859 3976 Viduaet
872 3914 921 3976 Jo.
932 3912 1075 3972 Moretur.
1094 3908 1164 3971 Vid.
1175 3907 1244 3972 Cat.
1258 3909 1296 3970 dc

208 4001 238 4062 la
251 4003 328 4065 Bibl.
344 4004 383 4064 du
399 4005 467 4066 Roi.
482 4005 581 4070 helles
596 4009 686 4072 lettr.
700 4012 736 4072 Τ.
752 4030 776 4070 ι.
790 4029 819 4090 p.
836 4011 905 4069 323.

253 4100 328 4160 1598
351 4099 448 4182 Lugd.
465 4101 513 4170 19.
539 4103 614 4188 ltep.
629 4107 703 4169 edit.
719 4103 864 4172 Bemartii
878 4101 970 4166 Antr.
989 4103 1076 4168 1695.
