3009 4834
288 333 370 398 1700
630 349 735 398 suras
761 347 961 396 rsutoauss
988 347 1027 396 stt

282 494 385 558 pastum
413 490 515 554 pararit
545 488 625 540 Arcus
653 488 809 550 Mercurius,
848 489 1056 552 prestantiorem
1075 503 1187 554 unquam
1204 495 1294 538 natum
1316 504 1375 540 ease

282 581 388 616 carmen
399 566 521 615 dimensis
532 566 596 630 tyrs,
607 579 665 630 quaa
682 579 715 614 ex
727 572 808 614 testu·
847 571 924 626 patro
940 578 1001 615 suo:
1017 579 1077 614 nam
1096 579 1129 613 ea
1150 565 1190 614 itis
1207 565 1291 614 tribua
1312 567 1376 616 iocis

282 716 343 766 inde
354 714 486 780 appetisti.
505 715 608 764 Gronov.
619 715 704 763 Dictr.
845 715 904 765 stus.

286 810 290 820 ¹
312 795 345 840 00
363 790 543 853 thsisdsise]
558 788 694 853 Eiquiisus
706 795 808 852 graturn
878 794 926 839 100
942 790 972 840 Si
983 795 1010 839 is
1021 793 1096 855 stirpe
1110 791 1188 854 udus]
1205 792 1237 841 ln
1254 792 1311 842 aliis
1330 807 1374 844 cc·

280 865 339 916 fuit.
385 865 502 928 imore]
528 867 693 928 Temperare.
725 863 807 926 Vires]
844 863 946 913 dicibus
964 866 1086 914 mendose
1101 867 1227 930 scripturn
1240 872 1373 916 estuetss:

281 940 387 990 Heroici
415 939 542 989 carminis.
581 938 684 988 Ιαοοὶοο
711 937 807 1000 Mis]
844 943 890 992 red
913 951 942 994 tu
963 945 1022 1008 tego
1040 950 1127 1003 usim
1154 959 1214 994 nans
1233 945 1373 1009 alloquitur

280 1015 404 1078 Elegiaco
417 1014 536 1062 carmine.
553 1013 646 1063 Dcasit.
844 1019 1036 1082 Parthenopen,
1056 1028 1085 1069 et
1103 1019 1155 1068 ait:
1173 1019 1201 1069 Si
1223 1028 1252 1068 tn
1267 1019 1372 1082 jaceres

310 1094 344 1138 00
362 1090 453 1138 Grecos
470 1087 593 1150 irascare]
616 1085 648 1136 Id
669 1094 711 1137 est
732 1085 806 1136 disni-
843 1093 882 1142 tui
903 1094 1004 1156 generis
1022 1100 1050 1144 et
1068 1095 1231 1144 conditorum
1247 1096 1372 1144 niernoria

278 1179 358 1214 nuere
370 1178 420 1214 uno
432 1165 507 1227 pede.
532 1163 735 1225 &manased
752 1163 805 1212 Sex
841 1169 993 1217 oblitterata
1013 1177 1155 1230 vetustate,
1170 1177 1316 1218 certeunns
1327 1184 1374 1234 pa-

279 1241 382 1306 pedntn.
415 1241 518 1304 Heroas]
552 1241 584 1290 Id
612 1248 653 1290 est
678 1241 804 1292 heroicos.
842 1249 883 1290 ter
893 1255 964 1292 mesas
974 1243 1038 1293 ciris
1047 1252 1106 1294 tuus
1118 1244 1385 1296 indicabstteGroe··

278 1317 353 1367 idern.
841 1332 898 1367 casn
920 1332 979 1368 esse
1003 1319 1138 1370 civitatem
1155 1333 1201 1368 sua
1217 1321 1371 1371 Greearosu

310 1395 355 1441 1⁰5
374 1392 515 1455 Grisearqae
526 1392 703 1457 offlutomorrie]
714 1393 803 1444 Quatt-
839 1393 976 1445 literarum
983 1394 1136 1443 eruditione.
1153 1395 1229 1444 idern.
1251 1393 1372 1456 Fussnpse

276 1482 352 1531 quam
363 1465 409 1514 δύο
417 1465 545 1530 soupirrops
555 1468 619 1516 andr
628 1467 655 1517 J.
664 1467 765 1528 Lipsius
775 1473 803 1514 et
838 1468 937 1518 obsesso
946 1469 1051 1534 jaceres]
1066 1471 1132 1519 Ven.
1143 1477 1170 1517 et
1183 1469 1236 1518 Sei.
1248 1470 1369 1532 suasuque

276 1543 341 1592 aiter
351 1541 544 1606 rotuipdttsrror
554 1544 600 1592 ruo
610 1545 708 1592 lionoris
719 1539 802 1603 &etpi-
838 1542 935 1593 οὸοανο
950 1543 1051 1603 jaceres.
1067 1545 1124 1593 Lis.
1144 1555 1211 1592 xart.
1229 1543 1368 1605 ‘Incogni-

274 1635 323 1668 νων
338 1619 467 1680 corrigere
485 1619 509 1668 is.
528 1619 544 1666 i.
563 1618 701 1680 coeperint,
714 1623 801 1665 temen
839 1624 893 1667 tuns
911 1616 987 1667 faniae
1010 1619 1159 1680 apemerint
1180 1617 1257 1665 arinis
1275 1616 1368 1666 orbern

273 1707 362 1742 rerum
375 1700 415 1742 est
433 1691 540 1742 poetam
551 1691 693 1755 scripsisse,
706 1697 735 1740 ut
748 1692 802 1740 nui·
839 1693 982 1744 terrarum!
999 1695 1104 1743 Grosou.

273 1781 306 1830 gu
324 1769 426 1831 iegitur.
459 1769 539 1820 distet
556 1766 748 1829 Parthenopen,
762 1765 800 1814 di·
871 1774 918 1818 tut
934 1769 1063 1830 Assiduus,
1071 1766 1199 1833 worse]
1216 1767 1367 1818 Qussiliiu·

272 1857 330 1892 ram
344 1843 479 1906 praesidem
497 1841 757 1905 Neapolitapaeurbis
772 1848 801 1892 at
837 1859 873 1893 aas
894 1852 920 1893 et
942 1842 1037 1906 Apollo
1058 1845 1128 1894 inter
1149 1841 1280 1904 γενεθλίους
1301 1842 1367 1892 trois

269 1921 392 1984 regionis,
409 1923 506 1970 tumuio
525 1919 639 1983 parentis
658 1919 741 1967 crines
753 1919 799 1968 irn-
837 1922 1007 1970 Prsestitesre
1018 1923 1090 1969 Deos
1100 1928 1285 1969 censerentur:
1302 1921 1366 1971 iicet

271 2011 375 2057 ponere.
408 1999 495 2060 Fingit
515 2005 601 2045 autern
622 1995 700 2058 ipsam
714 1995 798 2042 Dearn
835 2001 949 2059 quatuor
966 2001 1065 2044 tautum
1084 2009 1117 2044 ex
1134 1993 1254 2045 doctrina
1268 1995 1365 2058 AEgyp·

271 2072 451 2134 Parthenopen
470 2071 613 2120 inhabitare
631 2083 679 2118 ceu
698 2081 798 2118 sacram
836 2072 929 2120 tiornnr
947 2076 1116 2119 numerentur
1129 2086 1144 2118 a
1155 2071 1291 2120 Macrobio
1305 2071 1363 2122 Asi·

269 2147 417 2196 sibisedens
429 2145 798 2206 montemveaerurnmtpie·
833 2163 891 2206 pm,
917 2141 995 2218 τύχῃ,
1016 2143 1098 2208 Ἔρος,
1113 2144 1226 2206 Ἀνάγκη.
1261 2146 1362 2209 Graias,

269 2234 377 2285 rumque
394 2222 452 2269 iucu
463 2220 593 2269 innocense
607 2221 720 2268 Deorum
738 2233 797 2267 este
834 2221 952 2280 Fortassis,
962 2219 1046 2281 Amor,
1060 2221 1202 2270 Necessitas.
1219 2220 1321 2270 Moreii.

268 2297 434 2360 putabuntur,
455 2301 483 2345 et
504 2295 628 2359 reiigione
644 2296 731 2357 etiam,
747 2294 797 2344 etsi
867 2299 914 2344 tus
933 2296 984 2343 Nec
999 2296 1110 2358 simplex,
1129 2295 1362 2360 do.]1taaequen-

267 2372 331 2420 aiias
346 2371 423 2428 invia,
440 2379 516 2433 septa
527 2379 609 2421 eraut·
640 2370 797 2434 Pomponius
834 2370 872 2419 tia
888 2369 1035 2430 scribenda,
1049 2370 1075 2418 id
1090 2377 1141 2432 est,
1152 2385 1202 2419 non
1213 2370 1323 2432 simplex
1334 2377 1362 2420 et

269 2447 340 2497 Meis
361 2447 405 2498 tib.
426 2459 469 2497 trt.
500 2449 594 2497 ‘Uitru
619 2448 685 2497 huno
711 2446 796 2496 rinurn
834 2435 1361 2508 nnicssmtibipatriaedccnsest3sedoni-

267 2535 339 2572 mona
360 2523 426 2571 situs
441 2523 484 2588 (nt
504 2523 591 2574 Greci
611 2521 721 2584 vocent)
738 2524 796 2571 teria
833 2520 1360 2585 gonstalisinambiguccertansinegensi·

264 2597 352 2662 ὄχημα,
364 2601 497 2664 perpetuis
516 2600 618 2663 ignibus
633 2597 744 2660 flagrat‚'
766 2605 796 2648 et
832 2611 872 2645 nae
885 2604 961 2644 terras
972 2596 1077 2658 pendet,
1087 2596 1154 2644 inter
1164 2609 1260 2658 anceps
1272 2605 1358 2658 certa·

265 2690 324 2739 que
346 2684 498 2739 sequuntur.
530 2679 595 2726 ‘i'uus
615 2675 794 2737 Parthenopes
831 2688 890 2725 rnen
907 2674 1013 2723 dustram
1032 2673 1141 2732 urbium,
1154 2673 1277 2736 Neapolis
1293 2682 1358 2736 puta

265 2757 346 2812 caput
365 2750 462 2800 dicitur
487 2753 589 2811 merito,
611 2749 678 2813 quod
701 2749 793 2798 altissi-
831 2759 858 2800 et
870 2748 1357 2810 Seiies,rentiintur.isrosudigaoissbet

265 2825 790 2889 muminNeapoiituuodistrictuest3id
829 2825 906 2874 Rom.
927 2833 954 2872 et
976 2824 1042 2871 Ven.
1063 2823 1160 2884 editio;
1188 2824 1257 2887 quod
1279 2823 1357 2871 miror

264 2905 305 2948 est
324 2913 394 2948 muns
405 2900 531 2962 Vesevus,
551 2901 594 2965 qni
607 2901 679 2964 ignea
692 2900 790 2962 ejecta·
827 2897 924 2962 fugisse
945 2898 1032 2946 certios
1048 2897 1227 2947 studiosissimi
1245 2897 1357 2946 Linden-

264 2971 318 3024 bat.
351 2973 434 3024 Porro
461 2975 578 3026 ‘crines'
603 2975 701 3039 ignium
719 2973 790 3024 dam·
828 2974 920 3038 brogii.
953 2972 1040 3022 semet
1064 2973 1113 3023 hoc
1138 2974 1266 3024 indicasse
1287 2970 1355 3022 suffi-

263 3063 312 3098 rme
331 3048 481 3116 frequenter
490 3051 620 3102 dicuntur.
639 3051 788 3102 Gereonio
826 3050 888 3110 ciat,
899 3055 1014 3099 veterent
1033 3050 1159 3111 codicem,
1169 3051 1244 3112 cujus
1256 3051 1355 3099 sarian-

263 3124 348 3176 Dictr.
826 3133 866 3178 tes
886 3127 930 3176 iiie
949 3126 1041 3188 edidit,
1058 3140 1109 3176 nou
1127 3126 1203 3176 atium
1216 3140 1290 3190 quum
1306 3127 1354 3175 Ro·

294 3204 341 3248 107
358 3203 488 3250 Musirdioe
502 3201 789 3264 croes]1ualiisomui·
826 3217 927 3251 mannan
940 3211 1054 3252 nostrum
1072 3217 1139 3252 esse.
1173 3204 1214 3252 Nc
1231 3205 1355 3265 imposte-

262 3275 309 3322 bnr
328 3277 459 3324 codicibus
478 3278 600 3327 mendose
612 3279 789 3339 scriptumest
825 3292 881 3327 rurn
900 3278 970 3328 docti
989 3278 1037 3327 viri
1056 3285 1151 3336 errent,
1164 3283 1193 3323 et
1215 3278 1267 3326 Ma.
1281 3277 1353 3326 iilum

261 3349 391 3397 Mostetia
416 3356 498 3406 urim
531 3350 598 3412 quod
622 3364 671 3398 nec
698 3365 788 3399 sensns
825 3348 1278 3415 putesst‚etsiscriptiasequandurn.
1301 3352 1353 3401 Sed

261 3437 309 3472 uec
326 3424 392 3473 ratio
410 3423 481 3473 serre
493 3431 597 3486 potcst3
614 3436 662 3472 nec
675 3424 726 3472 ulia
737 3422 787 3472 eti·
826 3425 866 3474 ris
883 3439 1006 3484 summus,
1026 3421 1187 3483 gravioribus
1203 3422 1297 3473 studiis
1308 3427 1353 3475 int·

259 3511 300 3550 atu
321 3497 384 3546 ficta
403 3496 490 3547 sebnia
512 3498 640 3548 suadebit.
673 3499 787 3562 Legatos
825 3501 945 3564 plicatus,
955 3504 983 3545 et
992 3499 1058 3544 itanc
1069 3507 1174 3557 operam
1193 3496 1218 3544 in
1230 3505 1353 3563 typogra·

259 3574 338 3636 igitur
360 3580 450 3622 nostra
474 3572 675 3622 emendetione:
703 3574 787 3623 Muni-
824 3567 986 3639 pi'rigratisut
1005 3580 1140 3636 praestans,
1157 3575 1296 3640 aliquando
1314 3580 1353 3627 iu·

257 3650 318 3698 odire
333 3663 413 3698 urceo.-
433 3647 499 3709 quod
516 3647 631 3696 Athenas
647 3647 786 3710 significat.
823 3648 975 3712 diligentius
1003 3663 1035 3697 eo
1062 3664 1122 3698 usus
1149 3660 1199 3701 est.
1240 3653 1351 3715 Decessit

258 3724 326 3774 Nam
338 3723 469 3773 Munichis
487 3723 599 3772 tumulus
612 3724 718 3772 Athenis
729 3737 786 3772 cur·
823 3735 896 3775 recte
925 3723 1065 3787 discerpsit
1092 3727 1216 3779 Crucens.
1260 3728 1352 3778 erosas

256 3813 315 3858 rus,
336 3800 477 3860 ingressum
493 3799 589 3848 hebens
606 3806 785 3861 augustense,
823 3800 944 3862 Magister
971 3799 1058 3863 inepto
1085 3799 1180 3851 dicitnr
1200 3803 1350 3862 Primores,

257 3873 297 3922 cui
310 3878 390 3922 terne
403 3873 646 3937 subjacentpostse3
658 3873 785 3935 qnondam
822 3876 865 3939 qui
886 3874 1014 3937 Phrygius
1035 3881 1101 3926 erat.
1136 3876 1187 3926 Sed
1209 3876 1348 3940 ‘pratum’

256 3959 329 3994 ruuro
348 3947 452 4008 vailate,
475 3949 649 4011 complectens
663 3949 783 4000 Pirenrns
821 3950 890 4008 dixit
900 3950 1034 4013 Papinius,
1044 3952 1098 4001 sire
1109 3952 1206 4014 AEuere,
1215 3954 1269 4003 aire
1281 3955 1348 4003 Ten·

257 4020 324 4068 onds
345 4035 417 4069 arces
437 4023 573 4072 Munichiae
591 4023 688 4074 Atticae
705 4024 783 4076 dicte
821 4028 882 4089 cris,
899 4025 953 4076 sire
975 4025 1024 4090 ipsi
1045 4029 1137 4093 puppi,
1167 4029 1271 4078 Groaoo.
1285 4029 1348 4078 Dio·

255 4101 324 4146 sunt.
339 4096 436 4146 Hocsit
447 4097 588 4160 Papinius:
600 4101 657 4150 Nec
665 4101 784 4165 Aduenis,
820 4102 878 4150 trid.

254 4172 423 4237 necCyrene,
434 4186 482 4224 ncc
496 4173 681 4226 Lacedaetuoue
699 4178 782 4228 rirnrn
854 4182 901 4228 iti
918 4177 971 4229 ,itit
981 4178 1237 4243 mauritaniensium]
1253 4179 1285 4230 Id
1295 4186 1346 4244 est,
