3009 4834
238 383 324 452 1796
586 396 693 447 norm
717 397 915 447 remonon
939 395 987 448 tn.

240 539 428 594 rieuismeute!
459 540 579 590 Valerius
605 541 714 590 Flaccus
735 539 766 589 ii·
802 542 899 590 Fnbnis
916 541 976 590 inde
992 539 1117 604 originem
1128 538 1220 590 hebuit
1230 532 1329 604 (uti'e'i

241 620 288 668 bro
307 633 338 667 11.
356 621 412 668 tes.
435 617 531 666 ‘Petet
549 617 694 679 otiisjsnne
708 615 765 675 teti,
803 617 930 665 Hecaten
951 617 1054 666 Miierio
1074 615 1217 665 Ριιιιιιὶιι
1234 617 1261 664 iu
1278 617 1330 668 w

240 693 328 758 Atque
348 695 440 741 iterum
458 689 665 740 remeareiicet!
694 691 766 752 Lege
802 707 858 741 con.
877 691 973 756 refert)
992 692 1060 757 qnod
1081 693 1107 740 in
1134 692 1181 740 iiie
1202 693 1327 755 spetunee

171 791 175 804 ι
239 769 354 831 relique:
369 781 428 815 nem
446 766 517 815 icens
536 771 577 815 est
593 765 728 830 singuirris
738 765 764 815 iu
802 766 918 816 immeuir
928 781 1034 830 serpens
1044 768 1151 816 instrum
1162 767 1270 816 babuit:
1282 765 1329 832 qui

238 843 304 891 benc
325 857 394 901 rem;
427 855 509 906 neque
532 841 635 890 riiunde
656 840 766 902 inferire,
801 840 899 891 idcireo
910 841 1050 892 inferorum
1062 843 1134 892 esuis
1150 841 1245 903 dictus,
1256 841 1327 906 quod

239 918 443 980 permutationes,
461 923 489 964 et
510 909 594 966 omnic
621 917 765 980 piscenius
801 929 878 980 quem
900 931 984 966 morsu
1012 918 1165 980 impetisset,
1188 918 1280 966 veneni
1300 917 1327 965 ri

238 992 358 1041 menium.
391 989 477 1040 Aliter
499 990 601 1040 Petitur
624 991 699 1040 Mire.
720 1005 763 1041 ιιι.
801 991 887 1039 stetim
899 992 1099 1055 opprimeretur.
1132 992 1158 1040 Ιι
1174 991 1326 1054 serpenssb

239 1071 278 1116 te.
291 1082 346 1118 nem
358 1066 646 1130 Bernartiurdesperst.
659 1067 763 1116 Gronov.
802 1064 915 1114 Hercule
933 1067 966 1115 sd
987 1067 1150 1116 Enrirtbeum
1171 1072 1326 1130 pertractus.

240 1145 329 1194 Grecis
338 1142 427 1206 enites]
443 1142 524 1194 Qirssi
542 1142 591 1202 hoc
600 1139 681 1190 Ροὲιι
695 1142 763 1191 νοΙιι-
800 1137 930 1189 Homerut
944 1155 1016 1204 nero,
1027 1141 1071 1206 qni
1088 1142 1183 1204 primus
1195 1139 1265 1190 Ditis
1281 1153 1324 1188 ιι-

238 1219 298 1280 erit,
324 1225 354 1267 ut
381 1219 553 1280 intelligemus
580 1219 647 1265 bunc
675 1217 763 1266 nescio
799 1227 952 1278 nem,qnem
967 1215 1324 1278 Herculesextruisset,ep-

238 1309 312 1358 quem
325 1307 479 1358 promotum
496 1306 597 1342 suorum
609 1293 763 1342 meritisne-
799 1291 914 1352 petierit,
936 1305 1020 1356 neque
1035 1305 1129 1342 nomeu
1151 1291 1175 1340 ei
1192 1291 1325 1354 proprium

238 1369 348 1418 cidisse:
367 1375 394 1418 et
406 1376 492 1417 votum
510 1368 567 1430 ejus
585 1368 658 1415 meite
670 1367 762 1416 mentis
798 1365 928 1430 imminit,
945 1382 1029 1434 neqne
1041 1368 1074 1418 de
1085 1367 1141 1431 ejus
1151 1366 1235 1430 tigeri
1252 1366 1325 1430 quiea

237 1443 361 1506 ostendit,
379 1443 446 1508 qnod
465 1448 534 1492 esset
548 1441 705 1504 etinmepud
723 1445 760 1490 in·
797 1456 872 1505 quam
900 1451 1059 1494 commentus
1084 1450 1138 1491 est:
1166 1441 1327 1505 posteriore·

237 1519 306 1569 feros
318 1527 485 1568 reservatum.
501 1517 610 1580 landent.
797 1517 938 1566 Cerbemm
947 1520 1118 1582 appetierunt.
1128 1522 1157 1565 et
1165 1531 1224 1564 cnm
1232 1515 1325 1565 cetere

270 1601 301 1644 18
319 1595 440 1658 Rebusque
456 1591 594 1655 merescere]
615 1591 646 1640 ld
664 1599 711 1652 est,
728 1589 761 1639 de
797 1596 855 1642 ceni
867 1594 1120 1655 fecissentsinilem
1137 1593 1188 1642 trie
1198 1592 1326 1642 dixerunt

235 1671 342 1721 siiortim
369 1669 496 1719 felicitate
525 1667 647 1732 torqueri.
692 1669 760 1717 Nem
797 1670 883 1729 cupite
894 1670 999 1732 bebere,
1009 1671 1085 1734 idque
1098 1668 1268 1718 'communiter
1280 1681 1323 1716 re-

235 1762 292 1797 cum
314 1747 389 1796 maiis
406 1753 556 1809 pasceretur
571 1743 669 1804 ettents,
688 1755 761 1806 ptos·
797 1754 912 1806 ceptum.
943 1744 1071 1795 Hesiodus
1088 1744 1219 1793 tamenin
1237 1743 1322 1792 'ruem

237 1822 348 1886 peritate
361 1819 518 1870 tabescebat.
536 1819 646 1867 lactent.
797 1821 874 1883 gouis
884 1821 1070 1886 qninanginte
1080 1821 1196 1869 Cerbero
1212 1817 1324 1882 effingit.

269 1900 301 1946 19
319 1898 469 1958 Quotcunque
478 1891 581 1954 emeris]
597 1893 627 1940 br
639 1908 759 1957 quecun·
797 1895 923 1946 Horatius
931 1911 962 1947 ιι.
972 1896 1025 1946 0d.
1035 1901 1074 1946 18.
1083 1903 1196 1946 centnm.
1207 1895 1327 1945 nenne

236 1985 286 2034 que
312 1972 436 2035 obsequie
457 1969 498 2018 rel
523 1967 636 2018 rerrtedie
660 1973 759 2020 voceris
829 1975 861 2019 to
878 1972 959 2020 Fam
968 1970 1171 2032 insiditernstrir]
1188 1971 1272 2033 Super
1282 1972 1323 2034 ip·

235 2046 343 2094 excitus.
363 2047 437 2094 idem.
796 2058 851 2093 rum
863 2044 931 2094 sessu
941 2053 1010 2095 estre
1020 2045 1168 2107 considunt,
1182 2047 1208 2094 id
1220 2053 1261 2095 est
1273 2059 1322 2109 per

265 2123 298 2167 28
316 2120 399 2166 Omnis
414 2119 517 2180 capitem
532 2117 648 2180 umeris]
675 2120 709 2168 Et
726 2119 759 2169 ed
796 2121 959 2170 eminentium
972 2123 1010 2171 sni
1023 2121 1109 2170 sedern
1122 2120 1322 2185 prestetrstris,

234 2193 314 2257 ipsius
330 2193 400 2242 cenis
418 2193 504 2255 cipite
521 2191 686 2242 referendum
709 2201 759 2257 est,
797 2195 889 2258 tepido
900 2209 976 2245 curm
988 2195 1112 2260 fatigetis.
1145 2195 1324 2245 Altitndinenr

234 2277 261 2319 et
274 2269 306 2318 sd
319 2274 478 2331 serpentum,
487 2267 531 2331 qui
540 2269 627 2330 cepit·
637 2269 693 2331 ejus
704 2269 758 2317 ciu-
797 2271 877 2319 notuit
888 2271 1043 2334 exprimere,
1053 2272 1125 2336 qussi
1137 2271 1190 2320 itiic
1200 2278 1269 2319 outre
1281 2285 1322 2320 re·

234 2350 313 2408 guut3
330 2343 356 2392 id
373 2351 412 2393 est
429 2344 602 2392 omnisbistus
619 2345 707 2393 borum
718 2359 759 2395 ce·
796 2346 881 2410 quiem
893 2355 1002 2397 sument.
1020 2348 1132 2397 iactum.
1387 2339 1392 2350 ’

234 2421 324 2484 pirum,
336 2419 396 2483 qnia
408 2418 537 2468 Cerberus
549 2425 604 2468 est:
621 2425 666 2468 sut
676 2421 758 2469 omnis
826 2426 859 2472 te
876 2422 994 2472 interiere
1008 2423 1073 2485 sire]
1100 2423 1173 2472 Dicit
1188 2423 1276 2472 nescio
1292 2424 1319 2473 in

231 2496 316 2544 trietus
328 2503 484 2558 serpentum,
501 2494 593 2559 quibus
611 2503 690 2560 ceput
702 2495 757 2559 ejus
794 2511 845 2560 qus
856 2499 1072 2560 perte‘l'senrmm
1085 2499 1216 2547 recurvati
1234 2498 1266 2547 sd
1284 2499 1325 2548 ri-

232 2571 348 2636 coilsqne
360 2571 483 2621 vetentur.
500 2571 610 2621 Luctum.
795 2585 851 2621 cem
864 2581 952 2638 portur
962 2591 969 2624 t
981 2576 1008 2624 in
1019 2587 1069 2639 quo
1080 2572 1160 2622 refert
1171 2579 1252 2637 equoi
1260 2579 1321 2624 enos

225 2709 230 2718 1
263 2651 296 2697 29
313 2647 401 2711 Spem
418 2649 466 2696 mio
488 2646 635 2710 turbaverat]
662 2646 693 2696 id
716 2655 757 2698 est
793 2649 959 2699 consuevisse
969 2649 1094 2699 erubuisri
1105 2649 1322 2712 Neptunumtest

231 2736 319 2786 sparse
333 2723 448 2784 feceret,
473 2723 622 2786 byprltrge:
657 2730 683 2771 et
708 2723 757 2773 boe
795 2722 1068 2786 Hyperbrtouxldem.
1099 2724 1322 2786 i'rnngentioiitto·
1351 2745 1355 2753 ·

231 2797 365 2846 irascentis
376 2805 425 2845 est.
445 2797 518 2857 virg.
529 2799 537 2824 ‘
548 2797 617 2845 Οιιι
627 2811 706 2860 super
716 2811 755 2847 re·
793 2797 832 2859 re]
856 2799 885 2846 Si
900 2800 971 2848 loeus
988 2806 1060 2847 reete
1076 2797 1166 2858 babet,
1174 2799 1319 2861 frangentia

231 2870 346 2921 rubens!
380 2871 521 2933 Gigantum
539 2872 640 2922 scilicet
650 2887 707 2923 osse
717 2874 755 2922 iu·
793 2870 860 2920 dixit
872 2887 918 2935 pro
934 2871 1052 2936 ‘freets,'
1068 2873 1162 2936 egendi
1172 2873 1320 2937 significetis

231 2947 408 3010 sepultorum
425 2945 530 3010 tingitur
546 2948 612 2996 enim
625 2948 755 2998 cerberus
793 2956 842 3008 pro
869 2947 1003 3010 patiendi:
1031 2949 1114 2997 soiens
1141 2950 1189 2999 troc
1213 2951 1318 3014 optimis

146 3029 150 3040 ’
231 3021 399 3072 cadaveribus
411 3021 489 3086 pasci.
506 3022 581 3071 idem.
792 3021 1019 3088 scriptoribus,qni
1028 3022 1233 3088 frequentissime
1242 3041 1320 3090 egens

261 3105 291 3150 tit
312 3101 398 3152 Fer-ren
406 3101 546 3165 tergemino]
563 3102 677 3166 Propter
687 3102 756 3152 trine
792 3096 819 3145 di
836 3098 943 3148 verbum
958 3101 1099 3159 uictimis,
1109 3107 1138 3149 ti
1155 3101 1280 3163 pretendi,
1291 3114 1316 3148 ⁸·

179 3231 184 3240 ,
229 3176 326 3224 iumine
343 3179 420 3224 trium
437 3178 559 3240 crpitum,
570 3178 644 3241 qussi
661 3183 701 3226 tot
718 3177 754 3225 ilii
792 3174 870 3236 fiendi
896 3175 1084 3241 significatione
1107 3182 1242 3240 usurpent.
1273 3176 1318 3227 Its

228 3261 330 3298 somnos
347 3249 490 3310 immiserit,
505 3259 568 3313 quot
584 3252 673 3314 cupite
684 3253 776 3314 tumi·,
791 3250 945 3314 ‘Spectetur
952 3261 993 3302 est
1005 3250 1319 3314 snem'pro‘rpeetsrit:

229 3322 305 3369 nibus
318 3328 486 3371 sumerentur.
504 3325 578 3372 Idem.
793 3327 894 3378 Verre:
925 3329 1123 3379 ‘communicati
1157 3331 1235 3390 runt,'
1266 3343 1317 3392 pro

262 3399 294 3444 ³2
312 3396 357 3443 Est
367 3397 429 3444 loeus
440 3396 555 3460 iuuenta]
573 3398 638 3448 Hem
656 3400 755 3464 ‘Topo-
792 3403 1078 3453 ‘eommuniceremuu’
1094 3404 1210 3452 Bernnrt.

228 3468 318 3520 tiresis’
331 3469 440 3519 dieitur:
459 3472 483 3519 id
495 3478 536 3522 est
547 3471 621 3522 fletus
633 3474 704 3523 locus
716 3488 753 3524 se-
823 3481 855 3525 tt
871 3477 972 3540 Audax]
999 3479 1109 3528 Quidem
1126 3479 1186 3527 iibri
1204 3478 1241 3528 sic
1254 3480 1317 3528 seri·

228 3545 340 3595 cundum
364 3545 493 3609 podtieem
514 3547 653 3598 licentiam.
688 3549 753 3598 Nem
791 3551 864 3602 bunt.
897 3553 961 3601 biibi
979 3560 1064 3602 temen
1080 3561 1108 3603 et
1123 3555 1318 3620 mugi-ptumi,

227 3623 254 3670 iu
264 3621 386 3685 ejusmodi
398 3620 581 3684 descriptione,
592 3623 635 3672 ubi
646 3625 701 3672 reri
717 3625 755 3674 io·
790 3633 818 3674 et
834 3625 860 3674 iu
876 3627 987 3675 omnium
1003 3628 1101 3689 optino
1116 3629 1206 3678 codiee
1229 3645 1319 3693 reper-

228 3699 251 3746 ci
278 3698 358 3748 facies
386 3699 584 3754 demonstretur,
606 3701 754 3763 ‘Topogrm
792 3707 846 3750 tum
857 3708 953 3750 estnon
964 3704 1059 3752 cedere
1091 3703 1169 3755 Quod
1183 3712 1211 3754 et
1222 3705 1318 3754 buetr-

229 3773 286 3836 pitin
297 3771 304 3796 ’
316 3775 427 3826 dieitur:
446 3773 488 3822 ubi
500 3771 588 3822 fietitm
600 3773 661 3835 quid
673 3776 753 3836 uenit,
790 3777 842 3825 tins
853 3784 880 3825 et
891 3777 991 3826 Gtosses
1002 3786 1153 3841 ignoscunt.
1171 3781 1245 3828 'reiis
1255 3795 1319 3830 reto

226 3849 419 3910 ‘Topotiresbu’
435 3849 509 3898 Idem.
545 3847 644 3897 ranna
657 3850 752 3913 genter]
789 3852 1317 3916 muituinDescriptionibuslocommboe

227 3925 361 3972 Teucrum
372 3924 413 3986 (ut
426 3933 451 3974 et
468 3923 751 3987 birtenm)ptomonto·
790 3941 870 3989 genus
888 3925 982 3989 po'e'te,
999 3927 1123 3989 imprimis
1139 3929 1165 3977 in
1188 3930 1318 3993 Dionysio

227 3999 292 4047 rium
312 3997 440 4056 ineunte,
457 4001 548 4064 inquo
571 4001 693 4063 tempium
711 4009 752 4051 est
788 4001 969 4063 interpretato,
990 4001 1097 4065 insignis
1116 4011 1200 4064 vetes,
1221 4003 1316 4053 Festus

227 4078 356 4140 spetunca*
369 4076 505 4136 persimile.
538 4077 646 4126 Aditum
657 4077 751 4128 iusemi
788 4073 912 4124 Avienus·
930 4075 1019 4125 Bertb·

227 4150 311 4214 poetic
329 4148 427 4207 dieunt,
440 4155 467 4196 et
482 4150 515 4196 sb
531 4151 645 4199 Hercule
657 4153 751 4204 Gerbe-
820 4155 854 4200 46
869 4151 964 4200 licerit
983 4152 1096 4218 brienus]
1124 4154 1260 4204 Hominum
1282 4152 1314 4200 ii-

228 4241 281 4278 rmn
300 4225 346 4274 bec
359 4229 504 4274 extremum
516 4224 631 4288 pictique
642 4224 750 4289 tingunt.
787 4228 861 4278 demi
878 4229 945 4280 bunc
956 4230 1040 4280 inerim
1051 4245 1102 4295 quo
1114 4244 1209 4294 genere
1226 4228 1315 4278 detor-
